1695 3139
719 313 733 377 <
764 313 828 361 23
859 314 874 378 >

123 394 356 458 effingere
387 394 742 441 contenderunt
767 414 778 442 z
808 397 947 459 cnjus
979 406 1028 443 et
1066 406 1246 442 statura
1276 411 1475 457 procera

125 475 297 541 magis,
326 486 375 522 et
404 493 498 523 non
526 476 680 523 solum
714 477 817 536 tali,
837 477 921 526 sed
947 488 995 526 et
1014 487 1162 542 caput
1180 486 1228 524 et
1260 487 1476 541 petasus.

124 559 365 606 caduceus
384 558 651 615 interdum,
673 561 759 607 alis
779 571 892 607 sunt
912 561 1166 618 instructam
1198 559 1299 624 ipse
1316 569 1475 606 autem

125 641 258 688 vadit
285 659 440 705 usque
462 653 545 689 aut
564 641 877 708 agitaliquid‚
901 652 993 690 stat
1012 643 1112 690 fere
1139 659 1352 708 semper,
1380 652 1475 696 aut,

125 741 277 788 quum
299 723 669 788 quiescit,etiam
686 724 907 772 abiturus
926 725 1120 773 videtur
1142 731 1175 771 ¹.
1197 726 1476 772 Mercatura?

123 821 240 851 vero
257 813 305 851 et
327 804 523 851 fallaciae
543 816 732 859 auctor,
761 815 1098 870 veterator-que
1127 805 1266 860 deus,
1288 822 1410 869 saepe
1429 804 1475 851 in

124 885 487 935 similitudinem
510 887 647 954 pueri
668 887 990 944 convertitur,
1012 887 1216 955 digitum
1235 887 1408 936 callide
1429 887 1476 934 in

124 987 209 1017 ore
232 970 477 1034 ponentis,
505 970 623 1018 dum
652 971 843 1019 sinistra
865 989 1147 1019 crumenam
1168 982 1299 1019 tenet
1326 979 1360 1018 ².
1387 973 1479 1018 Cae-

125 1067 285 1102 terum
309 1053 535 1103 Mercurii
565 1054 725 1102 vultus
758 1054 1021 1103 sollertiam
1049 1053 1222 1103 mentis
1250 1053 1471 1109 denotat,

127 1153 318 1184 morum
352 1136 574 1184 comitate
602 1147 921 1201 temperatam
943 1173 955 1197 ,
998 1137 1314 1185 intentionem
1348 1138 1473 1202 cogi-

124 1220 256 1266 tandi
282 1220 450 1266 leviter
470 1219 749 1266 inclinatum
778 1231 940 1283 caput,
960 1230 1157 1283 totaque
1185 1220 1262 1267 dei
1285 1220 1334 1267 in
1363 1238 1468 1283 spe-

122 1302 195 1349 cie
220 1301 437 1365 cor-poris
463 1300 732 1365 praestantia
748 1311 795 1348 et
819 1301 994 1367 ingenii
1014 1301 1270 1349 dexter-itas
1288 1301 1463 1349 mirum

124 1384 172 1430 in
197 1383 394 1430 modum
412 1382 688 1431 concinunt.

189 1466 411 1519 Herme8‚
439 1464 485 1511 in
513 1464 687 1511 artium
705 1464 947 1528 operibus,
962 1464 1156 1513 arietem
1172 1464 1463 1529 quandoque

126 1546 353 1593 comitem
394 1546 561 1598 habet,
600 1547 841 1609 pecudum
879 1546 1060 1609 quippe
1090 1556 1274 1599 custos,
1307 1546 1382 1593 vel
1413 1557 1465 1592 ut

127 1628 395 1684 sacrificus,
422 1644 520 1692 quo
549 1627 595 1674 in
635 1643 859 1682 munere,
897 1636 951 1673 ut
985 1644 1130 1691 supra
1157 1626 1387 1682 diximus,
1414 1637 1461 1674 et

123 1716 336 1770 pater-am
357 1703 478 1769 gerit
502 1699 537 1750 3.
568 1704 860 1768 Frequenter·
879 1719 993 1750 vero
1015 1702 1063 1749 in
1084 1702 1315 1767 sepulcr-is
1338 1702 1463 1750 vide·

124 1800 228 1842 tur,
266 1797 496 1851 tanquam
529 1785 627 1833 dux
660 1785 951 1841 animarum,
995 1784 1092 1833 sive
1131 1786 1391 1849 ψυχοπομπός
1427 1789 1460 1831 4.

129 1869 417 1934 Quanquam
443 1878 490 1915 et
518 1867 845 1932 linquentibus
866 1866 1011 1914 vitam
1037 1876 1084 1913 et
1105 1866 1461 1930 auspicantibus

126 1952 334 2008 adsistit,
362 1968 568 1999 seucum
585 1950 823 1997 Bacchum
846 1966 901 1996 ex
918 1948 1101 1996 femore
1119 1948 1250 1996 ²lovis
1273 1947 1458 2012 excipit,
1516 1937 1519 1940 ⁵

127 2034 386 2083 Herculem
414 2051 469 2081 ex
495 2033 729 2080 Alcmenae
760 2041 921 2088 utero,
952 2048 1034 2078 seu
1066 2047 1178 2078 cum
1202 2029 1394 2077 Achillis
1415 2039 1463 2077 et

128 2117 398 2167 Memnonis
423 2116 603 2165 animas
622 2125 806 2181 aequata
823 2114 954 2162 lance
974 2115 1177 2178 pensitat
1192 2112 1223 2159 ⁵.
1250 2113 1463 2177 Pei-saepe

174 2242 184 2264 ⁸
202 2242 290 2277 lhid.
308 2241 382 2277 tab.
400 2241 519 2281 CVII,
539 2243 626 2285 419,
646 2239 731 2274 coll.
750 2238 956 2278 CXLVIII,
974 2238 1054 2277 418.

178 2306 192 2323 ²
211 2300 296 2335 lbid.
322 2300 393 2336 tab.
410 2300 511 2342 CVI,
528 2302 618 2342 420,
643 2298 726 2333 coll.
742 2297 885 2340 CXCV,
909 2298 996 2341 6905
1022 2294 1142 2337 CVII,
1163 2294 1251 2336 423,
1271 2297 1353 2335 4²4.
1379 2293 1468 2328 Cru-

128 2370 244 2399 mena,
255 2372 320 2406 per
331 2371 368 2394 se
381 2358 466 2393 satis
480 2370 615 2399 recens,
629 2356 821 2392 recentiori
833 2368 942 2403 opera
955 2355 992 2388 in
1004 2353 1241 2389 monumentis
1254 2352 1340 2387 artis
1354 2352 1471 2399 saepis-

130 2416 218 2451 sime
232 2415 463 2465 superaddita
477 2424 540 2450 est.

178 2475 193 2500 3
213 2476 300 2511 Ibid.
315 2476 403 2512 tabl.
416 2476 498 2511 CVI
509 2501 520 2518 ,
539 2478 605 2517 4²²
619 2500 629 2516 ,
648 2474 731 2510 coll.
746 2477 813 2515 4²2
834 2485 867 2510 α.

176 2534 301 2569 kata.
321 2533 394 2569 tab.
424 2533 532 2575 CIII,
557 2536 648 2575 4²15
668 2531 822 2574 CLVII,
839 2532 1013 2571 CLVIII,
1033 2533 1120 2574 602,
1139 2529 1225 2570 6033
1243 2527 1459 2563 ccxxvm
1472 2558 1483 2576 ,

129 2592 198 2637 778
211 2604 220 2633 ;
235 2601 271 2627 et
292 2591 330 2626 in
343 2603 483 2639 gemma
500 2590 763 2637 pulcherrima,
786 2590 905 2632 CVII,
926 2597 989 2629 [μη
1009 2602 1041 2623 α.

180 2648 195 2672 ⁵
211 2650 296 2685 Iln'd.
312 2652 385 2686 tab.
402 2651 488 2693 CX,
508 2649 596 2692 43²3
619 2649 799 2692 CLXXV,
815 2650 883 2683 653
896 2661 905 2690 ;
920 2647 1159 2689 CCXXXVI,
1177 2645 1258 2679 812.
