<?xml version="1.0" encoding="UTF-8"?>
<!DOCTYPE html PUBLIC "-//W3C//DTD XHTML 1.0 Transitional//EN"
    "http://www.w3.org/TR/xhtml1/DTD/xhtml1-transitional.dtd">
<html xmlns="http://www.w3.org/1999/xhtml" xml:lang="en" lang="en">
 <head>
  <title>
</title>
<meta http-equiv="Content-Type" content="text/html;charset=utf-8" />
  <meta name='ocr-system' content='tesseract 3.04.00' />
  <meta name='ocr-capabilities' content='ocr_page ocr_carea ocr_par ocr_line ocrx_word'/>
</head>
<body>
  <div class='ocr_page' id='page_1' title='image "4627578_0019.png"; bbox 0 0 1695 3139; ppageno 0'>
   <div class='ocr_carea' id='block_1_1' title="bbox 100 287 1457 1257">
    <p class='ocr_par' dir='ltr' id='par_1_1' title="bbox 109 287 1457 517">
     <span class='ocr_line' id='line_1_1' title="bbox 698 287 857 350; baseline -0.013 0"><span class='ocrx_word' id='word_1_1' title='bbox 698 289 711 350; x_wconf 76' lang='lat'>&lt;</span> <span class='ocrx_word' id='word_1_2' title='bbox 752 288 809 333; x_wconf 76' lang='lat'>¹5</span> <span class='ocrx_word' id='word_1_3' title='bbox 843 287 857 348; x_wconf 82' lang='grc'>&gt;</span> 
     </span>
     <span class='ocr_line' id='line_1_2' title="bbox 109 364 1457 432; baseline -0.003 -18"><span class='ocrx_word' id='word_1_4' title='bbox 109 378 260 416; x_wconf 74' lang='lat' dir='ltr'>sortes</span> <span class='ocrx_word' id='word_1_5' title='bbox 291 368 572 422; x_wconf 86' lang='lat' dir='ltr'>edocerent,</span> <span class='ocrx_word' id='word_1_6' title='bbox 618 381 699 415; x_wconf 83' lang='lat' dir='ltr'>aut</span> <span class='ocrx_word' id='word_1_7' title='bbox 730 368 790 415; x_wconf 85' lang='lat' dir='ltr'>ab</span> <span class='ocrx_word' id='word_1_8' title='bbox 828 369 931 432; x_wconf 85' lang='lat' dir='ltr'>ipso</span> <span class='ocrx_word' id='word_1_9' title='bbox 966 364 1271 414; x_wconf 77' lang='lat' dir='ltr'>divinationis</span> <span class='ocrx_word' id='word_1_10' title='bbox 1313 365 1457 429; x_wconf 84' lang='lat' dir='ltr'>hujus</span> 
     </span>
     <span class='ocr_line' id='line_1_3' title="bbox 110 451 1125 517; baseline -0.001 -20"><span class='ocrx_word' id='word_1_11' title='bbox 110 462 233 507; x_wconf 80' lang='lat' dir='ltr'>arte,</span> <span class='ocrx_word' id='word_1_12' title='bbox 257 470 364 517; x_wconf 81' lang='lat' dir='ltr'>quae</span> <span class='ocrx_word' id='word_1_13' title='bbox 378 462 560 499; x_wconf 81' lang='lat' dir='ltr'>constat</span> <span class='ocrx_word' id='word_1_14' title='bbox 585 451 815 506; x_wconf 81' lang='lat' dir='ltr'>sortibus,</span> <span class='ocrx_word' id='word_1_15' title='bbox 839 451 1072 497; x_wconf 83' lang='lat' dir='ltr'>instructo</span> <span class='ocrx_word' id='word_1_16' title='bbox 1094 459 1125 494; x_wconf 82' lang='lat'>¹.</span> 
     </span>
    </p>

    <p class='ocr_par' dir='ltr' id='par_1_2' title="bbox 100 529 1456 1257">
     <span class='ocr_line' id='line_1_4' title="bbox 135 529 1455 597; baseline -0.005 -16"><span class='ocrx_word' id='word_1_17' title='bbox 135 570 137 573; x_wconf 86' lang='lat'>-</span> <span class='ocrx_word' id='word_1_18' title='bbox 174 535 224 580; x_wconf 86' lang='lat' dir='ltr'>In</span> <span class='ocrx_word' id='word_1_19' title='bbox 255 534 398 581; x_wconf 88' lang='lat' dir='ltr'>Iliade</span> <span class='ocrx_word' id='word_1_20' title='bbox 429 545 588 580; x_wconf 85' lang='lat' dir='ltr'>antem</span> <span class='ocrx_word' id='word_1_21' title='bbox 614 544 661 580; x_wconf 88' lang='lat' dir='ltr'>et</span> <span class='ocrx_word' id='word_1_22' title='bbox 688 533 899 597; x_wconf 77' lang='lat' dir='ltr'>Odyssea</span> <span class='ocrx_word' id='word_1_23' title='bbox 939 531 1153 585; x_wconf 82' lang='lat' dir='ltr'>Homeri,</span> <span class='ocrx_word' id='word_1_24' title='bbox 1173 530 1297 577; x_wconf 84' lang='lat' dir='ltr'>sicut</span> <span class='ocrx_word' id='word_1_25' title='bbox 1325 529 1455 593; x_wconf 86' lang='lat' dir='ltr'>apud</span> 
     </span>
     <span class='ocr_line' id='line_1_5' title="bbox 110 612 1454 681; baseline -0.003 -20"><span class='ocrx_word' id='word_1_26' title='bbox 110 615 384 670; x_wconf 72' lang='lat' dir='ltr'>Hesiodum,</span> <span class='ocrx_word' id='word_1_27' title='bbox 399 616 559 662; x_wconf 90' lang='lat' dir='ltr'>Mercu</span> <span class='ocrx_word' id='word_1_28' title='bbox 568 615 690 662; x_wconf 90' lang='lat' dir='ltr'>rium</span> <span class='ocrx_word' id='word_1_29' title='bbox 701 615 860 662; x_wconf 88' lang='lat' dir='ltr'>adhuc</span> <span class='ocrx_word' id='word_1_30' title='bbox 874 631 1110 681; x_wconf 67' lang='lat' dir='ltr'>apparere</span> <span class='ocrx_word' id='word_1_31' title='bbox 1133 612 1308 677; x_wconf 86' lang='lat' dir='ltr'>passim</span> <span class='ocrx_word' id='word_1_32' title='bbox 1324 612 1454 658; x_wconf 82' lang='lat' dir='ltr'>vide-</span> 
     </span>
     <span class='ocr_line' id='line_1_6' title="bbox 111 696 1455 761; baseline -0.001 -18"><span class='ocrx_word' id='word_1_33' title='bbox 111 714 216 743; x_wconf 81' lang='lat' dir='ltr'>mus</span> <span class='ocrx_word' id='word_1_34' title='bbox 230 707 462 761; x_wconf 86' lang='lat' dir='ltr'>tanquam</span> <span class='ocrx_word' id='word_1_35' title='bbox 482 698 743 761; x_wconf 88' lang='lat' dir='ltr'>propitium</span> <span class='ocrx_word' id='word_1_36' title='bbox 768 697 1138 761; x_wconf 85' lang='lat' dir='ltr'>adjutoremque</span> <span class='ocrx_word' id='word_1_37' title='bbox 1151 696 1329 754; x_wconf 86' lang='lat' dir='ltr'>Deum,</span> <span class='ocrx_word' id='word_1_38' title='bbox 1356 712 1455 760; x_wconf 90' lang='lat' dir='ltr'>quo</span> 
     </span>
     <span class='ocr_line' id='line_1_7' title="bbox 108 778 1456 844; baseline -0.002 -18"><span class='ocrx_word' id='word_1_39' title='bbox 108 791 322 828; x_wconf 77' lang='lat' dir='ltr'>crescant</span> <span class='ocrx_word' id='word_1_40' title='bbox 339 797 468 844; x_wconf 54' lang='lat' dir='ltr'>opt-²2⁸,</span> <span class='ocrx_word' id='word_1_41' title='bbox 479 797 578 844; x_wconf 93' lang='lat' dir='ltr'>quo</span> <span class='ocrx_word' id='word_1_42' title='bbox 595 790 923 827; x_wconf 86' lang='lat' dir='ltr'>armentorum</span> <span class='ocrx_word' id='word_1_43' title='bbox 946 778 1184 843; x_wconf 73' lang='lat' dir='ltr'>imprimis</span> <span class='ocrx_word' id='word_1_44' title='bbox 1207 795 1456 842; x_wconf 87' lang='lat' dir='ltr'>pecorum-</span> 
     </span>
     <span class='ocr_line' id='line_1_8' title="bbox 107 860 1453 927; baseline -0.001 -19"><span class='ocrx_word' id='word_1_45' title='bbox 107 879 202 925; x_wconf 89' lang='lat' dir='ltr'>que</span> <span class='ocrx_word' id='word_1_46' title='bbox 216 880 383 927; x_wconf 85' lang='lat' dir='ltr'>greges</span> <span class='ocrx_word' id='word_1_47' title='bbox 402 874 666 927; x_wconf 81' lang='lat' dir='ltr'>augeantur</span> <span class='ocrx_word' id='word_1_48' title='bbox 682 874 728 912; x_wconf 86' lang='lat' dir='ltr'>et</span> <span class='ocrx_word' id='word_1_49' title='bbox 747 872 1094 909; x_wconf 87' lang='lat' dir='ltr'>conserventur</span> <span class='ocrx_word' id='word_1_50' title='bbox 1110 861 1142 907; x_wconf 80' lang='lat'>².</span> <span class='ocrx_word' id='word_1_51' title='bbox 1158 860 1289 908; x_wconf 89' lang='lat' dir='ltr'>ldem</span> <span class='ocrx_word' id='word_1_52' title='bbox 1310 860 1453 907; x_wconf 84' lang='lat' dir='ltr'>simul</span> 
     </span>
     <span class='ocr_line' id='line_1_9' title="bbox 110 943 1456 1009; baseline -0.001 -19"><span class='ocrx_word' id='word_1_53' title='bbox 110 944 323 1006; x_wconf 80' lang='lat' dir='ltr'>prudens</span> <span class='ocrx_word' id='word_1_54' title='bbox 355 955 425 991; x_wconf 84' lang='lat' dir='ltr'>est</span> <span class='ocrx_word' id='word_1_55' title='bbox 451 945 577 992; x_wconf 84' lang='lat' dir='ltr'>Deus</span> <span class='ocrx_word' id='word_1_56' title='bbox 601 954 647 990; x_wconf 87' lang='lat' dir='ltr'>et</span> <span class='ocrx_word' id='word_1_57' title='bbox 659 954 851 991; x_wconf 83' lang='lat' dir='ltr'>versuto</span> <span class='ocrx_word' id='word_1_58' title='bbox 876 943 1090 1009; x_wconf 89' lang='lat' dir='ltr'>ingenio,</span> <span class='ocrx_word' id='word_1_59' title='bbox 1118 944 1200 1008; x_wconf 91' lang='lat' dir='ltr'>qui</span> <span class='ocrx_word' id='word_1_60' title='bbox 1231 943 1456 992; x_wconf 80' lang='lat' dir='ltr'>sollerter</span> 
     </span>
     <span class='ocr_line' id='line_1_10' title="bbox 106 1025 1452 1091; baseline -0.001 -19"><span class='ocrx_word' id='word_1_61' title='bbox 106 1036 189 1073; x_wconf 90' lang='lat' dir='ltr'>aut</span> <span class='ocrx_word' id='word_1_62' title='bbox 204 1025 369 1074; x_wconf 85' lang='lat' dir='ltr'>dolose</span> <span class='ocrx_word' id='word_1_63' title='bbox 393 1026 513 1074; x_wconf 76' lang='lat' dir='ltr'>facta</span> <span class='ocrx_word' id='word_1_64' title='bbox 534 1026 756 1091; x_wconf 86' lang='lat' dir='ltr'>dictaque</span> <span class='ocrx_word' id='word_1_65' title='bbox 774 1026 1048 1090; x_wconf 86' lang='lat' dir='ltr'>suppeditat</span> <span class='ocrx_word' id='word_1_66' title='bbox 1069 1026 1100 1072; x_wconf 82' lang='lat'>3.</span> <span class='ocrx_word' id='word_1_67' title='bbox 1123 1027 1233 1084; x_wconf 87' lang='lat' dir='ltr'>Quo</span> <span class='ocrx_word' id='word_1_68' title='bbox 1253 1025 1452 1090; x_wconf 86' lang='lat' dir='ltr'>quidem</span> 
     </span>
     <span class='ocr_line' id='line_1_11' title="bbox 100 1109 1453 1174; baseline 0 -18"><span class='ocrx_word' id='word_1_69' title='bbox 100 1111 299 1172; x_wconf 78' lang='lat' dir='ltr'>¹juvante</span> <span class='ocrx_word' id='word_1_70' title='bbox 326 1109 452 1156; x_wconf 77' lang='lat' dir='ltr'>filius</span> <span class='ocrx_word' id='word_1_71' title='bbox 471 1112 575 1173; x_wconf 85' lang='lat' dir='ltr'>ejus</span> <span class='ocrx_word' id='word_1_72' title='bbox 600 1110 858 1174; x_wconf 82' lang='lat' dir='ltr'>Autolycus</span> <span class='ocrx_word' id='word_1_73' title='bbox 885 1109 1078 1157; x_wconf 78' lang='lat' dir='ltr'>furandi</span> <span class='ocrx_word' id='word_1_74' title='bbox 1108 1109 1453 1173; x_wconf 83' lang='lat' dir='ltr'>pejerandiqne</span> 
     </span>
     <span class='ocr_line' id='line_1_12' title="bbox 106 1191 1454 1257; baseline -0.001 -18"><span class='ocrx_word' id='word_1_75' title='bbox 106 1193 233 1240; x_wconf 78' lang='lat' dir='ltr'>fama</span> <span class='ocrx_word' id='word_1_76' title='bbox 252 1193 454 1241; x_wconf 87' lang='lat' dir='ltr'>heroum</span> <span class='ocrx_word' id='word_1_77' title='bbox 476 1193 614 1257; x_wconf 86' lang='lat' dir='ltr'>longe</span> <span class='ocrx_word' id='word_1_78' title='bbox 635 1192 926 1240; x_wconf 73' lang='lat' dir='ltr'>clarissimus</span> <span class='ocrx_word' id='word_1_79' title='bbox 942 1202 1158 1239; x_wconf 84' lang='lat' dir='ltr'>evaserat</span> <span class='ocrx_word' id='word_1_80' title='bbox 1176 1191 1206 1238; x_wconf 81' lang='lat'>⁴.</span> <span class='ocrx_word' id='word_1_81' title='bbox 1222 1192 1281 1242; x_wconf 88' lang='lat' dir='ltr'>Et</span> <span class='ocrx_word' id='word_1_82' title='bbox 1296 1191 1454 1239; x_wconf 80' lang='lat' dir='ltr'>vafer-</span> 
     </span>
    </p>
   </div>
   <div class='ocr_carea' id='block_1_2' title="bbox 102 1274 1455 1584">
    <p class='ocr_par' dir='ltr' id='par_1_3' title="bbox 102 1274 1455 1584">
     <span class='ocr_line' id='line_1_13' title="bbox 106 1274 1452 1341; baseline 0 -20"><span class='ocrx_word' id='word_1_83' title='bbox 106 1274 257 1322; x_wconf 90' lang='lat' dir='ltr'>rimus</span> <span class='ocrx_word' id='word_1_84' title='bbox 273 1275 492 1340; x_wconf 84' lang='lat' dir='ltr'>Autolyci</span> <span class='ocrx_word' id='word_1_85' title='bbox 508 1292 658 1339; x_wconf 82' lang='lat' dir='ltr'>nepos</span> <span class='ocrx_word' id='word_1_86' title='bbox 679 1275 869 1341; x_wconf 84' lang='lat' dir='ltr'>Ulysses</span> <span class='ocrx_word' id='word_1_87' title='bbox 895 1274 1136 1339; x_wconf 81' lang='lat' dir='ltr'>praecipua</span> <span class='ocrx_word' id='word_1_88' title='bbox 1151 1275 1377 1322; x_wconf 84' lang='lat' dir='ltr'>Mercurii</span> <span class='ocrx_word' id='word_1_89' title='bbox 1406 1275 1452 1322; x_wconf 92' lang='lat' dir='ltr'>in</span> 
     </span>
     <span class='ocr_line' id='line_1_14' title="bbox 103 1358 1450 1421; baseline 0.001 -16"><span class='ocrx_word' id='word_1_90' title='bbox 103 1359 252 1406; x_wconf 86' lang='lat' dir='ltr'>tutela</span> <span class='ocrx_word' id='word_1_91' title='bbox 275 1358 368 1406; x_wconf 83' lang='lat' dir='ltr'>fuit</span> <span class='ocrx_word' id='word_1_92' title='bbox 392 1359 422 1404; x_wconf 82' lang='lat'>⁵.</span> <span class='ocrx_word' id='word_1_93' title='bbox 446 1358 711 1406; x_wconf 83' lang='lat' dir='ltr'>Mercurius</span> <span class='ocrx_word' id='word_1_94' title='bbox 734 1358 833 1421; x_wconf 89' lang='lat' dir='ltr'>ipse</span> <span class='ocrx_word' id='word_1_95' title='bbox 858 1368 1024 1405; x_wconf 79' lang='lat' dir='ltr'>astutae</span> <span class='ocrx_word' id='word_1_96' title='bbox 1050 1358 1273 1406; x_wconf 79' lang='lat' dir='ltr'>sollertiae</span> <span class='ocrx_word' id='word_1_97' title='bbox 1303 1359 1450 1406; x_wconf 86' lang='lat' dir='ltr'>multa</span> 
     </span>
     <span class='ocr_line' id='line_1_15' title="bbox 102 1439 1451 1504; baseline 0.001 -18"><span class='ocrx_word' id='word_1_98' title='bbox 102 1440 429 1504; x_wconf 65' lang='lat' dir='ltr'>praeclaraque</span> <span class='ocrx_word' id='word_1_99' title='bbox 461 1439 749 1503; x_wconf 81' lang='lat' dir='ltr'>documenta</span> <span class='ocrx_word' id='word_1_100' title='bbox 789 1439 936 1486; x_wconf 87' lang='lat' dir='ltr'>dedit.</span> <span class='ocrx_word' id='word_1_101' title='bbox 962 1440 1145 1504; x_wconf 87' lang='lat' dir='ltr'>Nempe</span> <span class='ocrx_word' id='word_1_102' title='bbox 1175 1451 1223 1487; x_wconf 89' lang='lat' dir='ltr'>et</span> <span class='ocrx_word' id='word_1_103' title='bbox 1251 1442 1451 1491; x_wconf 87' lang='lat' dir='ltr'>Martem</span> 
     </span>
     <span class='ocr_line' id='line_1_16' title="bbox 102 1507 1455 1584; baseline 0.004 -18"><span class='ocrx_word' id='word_1_104' title='bbox 102 1521 305 1568; x_wconf 79' lang='lat' dir='ltr'>vinculis</span> <span class='ocrx_word' id='word_1_105' title='bbox 338 1521 479 1569; x_wconf 80' lang='lat' dir='ltr'>solvit</span> <span class='ocrx_word' id='word_1_106' title='bbox 496 1521 674 1584; x_wconf 88' lang='lat' dir='ltr'>quibus</span> <span class='ocrx_word' id='word_1_107' title='bbox 700 1507 811 1568; x_wconf 82' lang='lat' dir='ltr'>eum</span> <span class='ocrx_word' id='word_1_108' title='bbox 842 1521 1020 1569; x_wconf 83' lang='lat' dir='ltr'>Aloidae</span> <span class='ocrx_word' id='word_1_109' title='bbox 1047 1523 1362 1572; x_wconf 82' lang='lat' dir='ltr'>constrictum</span> <span class='ocrx_word' id='word_1_110' title='bbox 1387 1534 1455 1571; x_wconf 89' lang='lat' dir='ltr'>te-</span> 
     </span>
    </p>
   </div>
   <div class='ocr_carea' id='block_1_3' title="bbox 90 1657 1454 2632">
    <p class='ocr_par' dir='ltr' id='par_1_4' title="bbox 98 1657 1454 1878">
     <span class='ocr_line' id='line_1_17' title="bbox 151 1657 1454 1706; baseline 0.002 -13"><span class='ocrx_word' id='word_1_111' title='bbox 151 1666 161 1681; x_wconf 89' lang='lat'><em>¹</em></span> <span class='ocrx_word' id='word_1_112' title='bbox 183 1659 318 1706; x_wconf 84' lang='lat' dir='ltr'>Hymn.</span> <span class='ocrx_word' id='word_1_113' title='bbox 336 1658 374 1692; x_wconf 88' lang='lat' dir='ltr'>in</span> <span class='ocrx_word' id='word_1_114' title='bbox 396 1658 569 1699; x_wconf 62' lang='lat' dir='ltr'>Mercur„</span> <span class='ocrx_word' id='word_1_115' title='bbox 592 1670 625 1691; x_wconf 85' lang='lat' dir='ltr'>v.</span> <span class='ocrx_word' id='word_1_116' title='bbox 643 1657 711 1692; x_wconf 79' lang='lat'>552</span> <span class='ocrx_word' id='word_1_117' title='bbox 727 1670 827 1705; x_wconf 87' lang='lat' dir='ltr'><strong>sqq.‚</strong></span> <span class='ocrx_word' id='word_1_118' title='bbox 841 1658 903 1692; x_wconf 89' lang='lat' dir='ltr'>ubi</span> <span class='ocrx_word' id='word_1_119' title='bbox 923 1657 1019 1705; x_wconf 82' lang='grc' dir='ltr'>Θριαὶ</span> <span class='ocrx_word' id='word_1_120' title='bbox 1035 1671 1101 1706; x_wconf 88' lang='lat' dir='ltr'>pro</span> <span class='ocrx_word' id='word_1_121' title='bbox 1117 1661 1259 1706; x_wconf 83' lang='grc' dir='ltr'>Μοῖραι,</span> <span class='ocrx_word' id='word_1_122' title='bbox 1280 1672 1352 1695; x_wconf 89' lang='lat' dir='ltr'>non</span> <span class='ocrx_word' id='word_1_123' title='bbox 1378 1661 1454 1696; x_wconf 87' lang='lat' dir='ltr'>sine</span> 
     </span>
     <span class='ocr_line' id='line_1_18' title="bbox 99 1710 1454 1763; baseline 0.002 -13"><span class='ocrx_word' id='word_1_124' title='bbox 99 1727 207 1750; x_wconf 83' lang='lat' dir='ltr'>causa</span> <span class='ocrx_word' id='word_1_125' title='bbox 217 1741 228 1758; x_wconf 91' lang='lat'>,</span> <span class='ocrx_word' id='word_1_126' title='bbox 251 1715 336 1762; x_wconf 84' lang='lat' dir='ltr'>legit</span> <span class='ocrx_word' id='word_1_127' title='bbox 351 1716 577 1750; x_wconf 81' lang='lat' dir='ltr'>Hermannus</span> <span class='ocrx_word' id='word_1_128' title='bbox 588 1740 597 1756; x_wconf 91' lang='lat'><strong>,</strong></span> <span class='ocrx_word' id='word_1_129' title='bbox 610 1727 678 1762; x_wconf 85' lang='lat' dir='ltr'>pro</span> <span class='ocrx_word' id='word_1_130' title='bbox 694 1715 814 1749; x_wconf 78' lang='lat' dir='ltr'>Parcis</span> <span class='ocrx_word' id='word_1_131' title='bbox 828 1715 948 1750; x_wconf 77' lang='lat' dir='ltr'>Sortes</span> <span class='ocrx_word' id='word_1_132' title='bbox 960 1716 1062 1762; x_wconf 84' lang='lat' dir='ltr'>ipsae,</span> <span class='ocrx_word' id='word_1_133' title='bbox 1078 1716 1114 1750; x_wconf 86' lang='lat' dir='ltr'>in</span> <span class='ocrx_word' id='word_1_134' title='bbox 1139 1710 1321 1763; x_wconf 78' lang='lat' dir='ltr'>nymphas</span> <span class='ocrx_word' id='word_1_135' title='bbox 1333 1719 1454 1754; x_wconf 72' lang='lat' dir='ltr'>fatidi-</span> 
     </span>
     <span class='ocr_line' id='line_1_19' title="bbox 98 1772 1452 1823; baseline 0.003 -15"><span class='ocrx_word' id='word_1_136' title='bbox 98 1785 159 1808; x_wconf 72' lang='lat' dir='ltr'>cas</span> <span class='ocrx_word' id='word_1_137' title='bbox 174 1782 331 1816; x_wconf 77' lang='lat' dir='ltr'>mutatoe.</span> <span class='ocrx_word' id='word_1_138' title='bbox 347 1773 506 1820; x_wconf 79' lang='lat' dir='ltr'>Hesych.</span> <span class='ocrx_word' id='word_1_139' title='bbox 523 1786 550 1807; x_wconf 82' lang='lat' dir='ltr'>s.</span> <span class='ocrx_word' id='word_1_140' title='bbox 569 1784 627 1809; x_wconf 81' lang='lat' dir='ltr'>v.:</span> <span class='ocrx_word' id='word_1_141' title='bbox 646 1772 763 1820; x_wconf 76' lang='grc' dir='ltr'>θριαὶ,</span> <span class='ocrx_word' id='word_1_142' title='bbox 786 1773 821 1807; x_wconf 83' lang='grc' dir='ltr'>αἱ</span> <span class='ocrx_word' id='word_1_143' title='bbox 842 1777 972 1821; x_wconf 80' lang='grc' dir='ltr'>πρῶται</span> <span class='ocrx_word' id='word_1_144' title='bbox 990 1773 1137 1820; x_wconf 78' lang='grc' dir='ltr'>μάντεις,</span> <span class='ocrx_word' id='word_1_145' title='bbox 1159 1774 1216 1809; x_wconf 65' lang='grc' dir='ltr'>καὶ</span> <span class='ocrx_word' id='word_1_146' title='bbox 1233 1777 1374 1823; x_wconf 71' lang='grc' dir='ltr'>νύμφαι·</span> <span class='ocrx_word' id='word_1_147' title='bbox 1396 1777 1452 1812; x_wconf 84' lang='grc' dir='ltr'>καὶ</span> 
     </span>
     <span class='ocr_line' id='line_1_20' title="bbox 99 1830 947 1878; baseline 0 -12"><span class='ocrx_word' id='word_1_148' title='bbox 99 1833 133 1866; x_wconf 81' lang='grc' dir='ltr'>αἱ</span> <span class='ocrx_word' id='word_1_149' title='bbox 148 1831 302 1878; x_wconf 78' lang='grc' dir='ltr'>μαντικοιὶ</span> <span class='ocrx_word' id='word_1_150' title='bbox 320 1831 429 1877; x_wconf 68' lang='grc' dir='ltr'>ψῆφοι.</span> <span class='ocrx_word' id='word_1_151' title='bbox 446 1830 495 1872; x_wconf 73' lang='lat' dir='ltr'>Cf</span> <span class='ocrx_word' id='word_1_152' title='bbox 509 1830 718 1875; x_wconf 82' lang='lat' dir='ltr'>Apollodor.</span> <span class='ocrx_word' id='word_1_153' title='bbox 735 1832 813 1875; x_wconf 85' lang='grc' dir='ltr'>ΙΙΙ,</span> <span class='ocrx_word' id='word_1_154' title='bbox 835 1844 896 1872; x_wconf 91' lang='lat'>10,</span> <span class='ocrx_word' id='word_1_155' title='bbox 914 1844 947 1866; x_wconf 82' lang='lat'>2.</span> 
     </span>
    </p>

    <p class='ocr_par' dir='ltr' id='par_1_5' title="bbox 92 1888 1453 2401">
     <span class='ocr_line' id='line_1_21' title="bbox 148 1888 1452 1939; baseline 0.004 -16"><span class='ocrx_word' id='word_1_156' title='bbox 148 1895 162 1912; x_wconf 85' lang='lat'>²</span> <span class='ocrx_word' id='word_1_157' title='bbox 184 1889 235 1931; x_wconf 72' lang='lat' dir='ltr'>Cf.</span> <span class='ocrx_word' id='word_1_158' title='bbox 254 1901 333 1937; x_wconf 77' lang='lat' dir='ltr'>quae</span> <span class='ocrx_word' id='word_1_159' title='bbox 357 1902 401 1925; x_wconf 88' lang='lat' dir='ltr'>ex</span> <span class='ocrx_word' id='word_1_160' title='bbox 416 1888 522 1924; x_wconf 79' lang='lat' dir='ltr'>Iliad.</span> <span class='ocrx_word' id='word_1_161' title='bbox 546 1888 654 1924; x_wconf 85' lang='lat' dir='ltr'>citata</span> <span class='ocrx_word' id='word_1_162' title='bbox 679 1897 782 1929; x_wconf 88' lang='lat' dir='ltr'>sunt,</span> <span class='ocrx_word' id='word_1_163' title='bbox 810 1901 845 1935; x_wconf 91' lang='lat' dir='ltr'>p.</span> <span class='ocrx_word' id='word_1_164' title='bbox 865 1901 927 1931; x_wconf 81' lang='lat'>11,</span> <span class='ocrx_word' id='word_1_165' title='bbox 951 1899 1029 1925; x_wconf 83' lang='lat' dir='ltr'>not.</span> <span class='ocrx_word' id='word_1_166' title='bbox 1045 1903 1078 1924; x_wconf 82' lang='lat'>2.</span> <span class='ocrx_word' id='word_1_167' title='bbox 1092 1890 1183 1926; x_wconf 87' lang='lat' dir='ltr'>Add.</span> <span class='ocrx_word' id='word_1_168' title='bbox 1201 1891 1334 1939; x_wconf 73' lang='lat' dir='ltr'>Odyss.</span> <span class='ocrx_word' id='word_1_169' title='bbox 1351 1894 1452 1933; x_wconf 82' lang='lat' dir='ltr'><strong>xlv.</strong></span> 
     </span>
     <span class='ocr_line' id='line_1_22' title="bbox 98 1945 1453 1996; baseline 0.005 -16"><span class='ocrx_word' id='word_1_170' title='bbox 98 1946 188 1989; x_wconf 71' lang='lat'><strong>435;</strong></span> <span class='ocrx_word' id='word_1_171' title='bbox 208 1945 355 1981; x_wconf 80' lang='lat' dir='ltr'>Hesiod.</span> <span class='ocrx_word' id='word_1_172' title='bbox 370 1946 558 1993; x_wconf 85' lang='lat' dir='ltr'>Theogon.</span> <span class='ocrx_word' id='word_1_173' title='bbox 571 1972 581 1988; x_wconf 90' lang='lat'>‚</span> <span class='ocrx_word' id='word_1_174' title='bbox 598 1959 633 1981; x_wconf 86' lang='lat' dir='ltr'>v.</span> <span class='ocrx_word' id='word_1_175' title='bbox 660 1949 742 1988; x_wconf 81' lang='grc'><strong><em>444.</em></strong></span> <span class='ocrx_word' id='word_1_176' title='bbox 760 1947 796 1980; x_wconf 87' lang='lat' dir='ltr'>Is</span> <span class='ocrx_word' id='word_1_177' title='bbox 815 1954 867 1981; x_wconf 86' lang='lat' dir='ltr'>est</span> <span class='ocrx_word' id='word_1_178' title='bbox 890 1947 1043 1984; x_wconf 70' lang='lat' dir='ltr'>Hermes</span> <span class='ocrx_word' id='word_1_179' title='bbox 1065 1947 1218 1986; x_wconf 76' lang='grc' dir='ltr'>ἀκάκητα</span> <span class='ocrx_word' id='word_1_180' title='bbox 1234 1949 1356 1996; x_wconf 81' lang='lat' dir='ltr'>(Iliad.</span> <span class='ocrx_word' id='word_1_181' title='bbox 1370 1952 1453 1995; x_wconf 80' lang='lat' dir='ltr'>XV,</span> 
     </span>
     <span class='ocr_line' id='line_1_23' title="bbox 100 2003 1451 2056; baseline 0.004 -18"><span class='ocrx_word' id='word_1_182' title='bbox 100 2007 165 2038; x_wconf 82' lang='lat'>185</span> <span class='ocrx_word' id='word_1_183' title='bbox 177 2016 188 2046; x_wconf 86' lang='lat'>;</span> <span class='ocrx_word' id='word_1_184' title='bbox 202 2003 331 2052; x_wconf 77' lang='lat' dir='ltr'>Odyss.</span> <span class='ocrx_word' id='word_1_185' title='bbox 347 2005 483 2046; x_wconf 87' lang='lat' dir='ltr'><strong>XXIV,</strong></span> <span class='ocrx_word' id='word_1_186' title='bbox 508 2005 565 2048; x_wconf 85' lang='grc' dir='ltr'>ιο)</span> <span class='ocrx_word' id='word_1_187' title='bbox 578 2016 646 2051; x_wconf 86' lang='lat' dir='ltr'>pro</span> <span class='ocrx_word' id='word_1_188' title='bbox 659 2004 825 2043; x_wconf 66' lang='grc' dir='ltr'>ἀκακήτης</span> <span class='ocrx_word' id='word_1_189' title='bbox 838 2005 896 2039; x_wconf 78' lang='lat' dir='ltr'>vei</span> <span class='ocrx_word' id='word_1_190' title='bbox 910 2006 1105 2048; x_wconf 71' lang='grc' dir='ltr'>ἀκακῆσιος;</span> <span class='ocrx_word' id='word_1_191' title='bbox 1126 2008 1262 2054; x_wconf 79' lang='grc' dir='ltr'>ἐριούνης</span> <span class='ocrx_word' id='word_1_192' title='bbox 1273 2035 1282 2050; x_wconf 86' lang='grc'><em>,</em></span> <span class='ocrx_word' id='word_1_193' title='bbox 1307 2011 1451 2056; x_wconf 78' lang='grc' dir='ltr'><strong>ἐριούνιος</strong></span> 
     </span>
     <span class='ocr_line' id='line_1_24' title="bbox 95 2060 1451 2117; baseline 0.005 -20"><span class='ocrx_word' id='word_1_194' title='bbox 95 2064 156 2106; x_wconf 87' lang='lat' dir='ltr'>(Il.</span> <span class='ocrx_word' id='word_1_195' title='bbox 173 2064 258 2105; x_wconf 79' lang='lat' dir='ltr'>XX,</span> <span class='ocrx_word' id='word_1_196' title='bbox 275 2063 321 2104; x_wconf 86' lang='grc'>34</span> <span class='ocrx_word' id='word_1_197' title='bbox 332 2089 340 2104; x_wconf 89' lang='grc'>,</span> <span class='ocrx_word' id='word_1_198' title='bbox 360 2064 417 2109; x_wconf 78' lang='lat'>7²)</span> <span class='ocrx_word' id='word_1_199' title='bbox 429 2074 439 2105; x_wconf 87' lang='lat'><strong>;</strong></span> <span class='ocrx_word' id='word_1_200' title='bbox 451 2060 591 2110; x_wconf 69' lang='grc' dir='ltr'>κερδῷος</span> <span class='ocrx_word' id='word_1_201' title='bbox 607 2063 807 2109; x_wconf 65' lang='lat' dir='ltr'>(Homul-ic.</span> <span class='ocrx_word' id='word_1_202' title='bbox 823 2064 957 2111; x_wconf 87' lang='lat' dir='ltr'>Hymn.</span> <span class='ocrx_word' id='word_1_203' title='bbox 971 2066 1119 2112; x_wconf 77' lang='lat' dir='ltr'>passim).</span> <span class='ocrx_word' id='word_1_204' title='bbox 1140 2062 1291 2115; x_wconf 72' lang='grc' dir='ltr'>Εριουνίῳ</span> <span class='ocrx_word' id='word_1_205' title='bbox 1312 2080 1451 2117; x_wconf 80' lang='lat' dir='ltr'>praepo-</span> 
     </span>
     <span class='ocr_line' id='line_1_25' title="bbox 94 2121 1451 2174; baseline 0.007 -20"><span class='ocrx_word' id='word_1_206' title='bbox 94 2121 192 2155; x_wconf 87' lang='lat' dir='ltr'>nitur</span> <span class='ocrx_word' id='word_1_207' title='bbox 210 2126 311 2160; x_wconf 76' lang='grc' dir='ltr'>σῶκος</span> <span class='ocrx_word' id='word_1_208' title='bbox 337 2121 457 2166; x_wconf 77' lang='lat' dir='ltr'>(Iliad.</span> <span class='ocrx_word' id='word_1_209' title='bbox 480 2122 570 2166; x_wconf 84' lang='lat' dir='ltr'>XX,</span> <span class='ocrx_word' id='word_1_210' title='bbox 595 2134 638 2167; x_wconf 83' lang='lat'>72</span> <span class='ocrx_word' id='word_1_211' title='bbox 653 2146 663 2163; x_wconf 88' lang='lat'>,</span> <span class='ocrx_word' id='word_1_212' title='bbox 681 2122 727 2155; x_wconf 79' lang='lat' dir='ltr'>ibi</span> <span class='ocrx_word' id='word_1_213' title='bbox 743 2123 859 2170; x_wconf 83' lang='lat' dir='ltr'>Heyn.</span> <span class='ocrx_word' id='word_1_214' title='bbox 882 2123 1034 2159; x_wconf 83' lang='lat' dir='ltr'>Observ.</span> <span class='ocrx_word' id='word_1_215' title='bbox 1059 2134 1095 2160; x_wconf 85' lang='lat' dir='ltr'>et</span> <span class='ocrx_word' id='word_1_216' title='bbox 1122 2126 1289 2173; x_wconf 74' lang='lat' dir='ltr'>Apollon-</span> <span class='ocrx_word' id='word_1_217' title='bbox 1312 2129 1451 2174; x_wconf 81' lang='lat' dir='ltr'>Lexic.)</span> 
     </span>
     <span class='ocr_line' id='line_1_26' title="bbox 95 2179 1447 2231; baseline 0.006 -18"><span class='ocrx_word' id='word_1_218' title='bbox 95 2191 202 2226; x_wconf 88' lang='lat' dir='ltr'>quem</span> <span class='ocrx_word' id='word_1_219' title='bbox 222 2179 332 2225; x_wconf 85' lang='lat' dir='ltr'>vulgo</span> <span class='ocrx_word' id='word_1_220' title='bbox 350 2179 631 2226; x_wconf 78' lang='lat' dir='ltr'>interpretantur</span> <span class='ocrx_word' id='word_1_221' title='bbox 654 2181 772 2228; x_wconf 72' lang='grc' dir='ltr'>κρατύς</span> <span class='ocrx_word' id='word_1_222' title='bbox 784 2206 792 2222; x_wconf 90' lang='grc'><strong><em>,</em></strong></span> <span class='ocrx_word' id='word_1_223' title='bbox 826 2181 899 2216; x_wconf 85' lang='lat' dir='ltr'>alio</span> <span class='ocrx_word' id='word_1_224' title='bbox 926 2182 1092 2219; x_wconf 62' lang='lat' dir='ltr'>Mercurii</span> <span class='ocrx_word' id='word_1_225' title='bbox 1121 2184 1218 2231; x_wconf 86' lang='lat' dir='ltr'>apud</span> <span class='ocrx_word' id='word_1_226' title='bbox 1248 2186 1447 2225; x_wconf 84' lang='lat' dir='ltr'>Homerum</span> 
     </span>
     <span class='ocr_line' id='line_1_27' title="bbox 94 2237 1451 2287; baseline 0.005 -16"><span class='ocrx_word' id='word_1_227' title='bbox 94 2238 254 2284; x_wconf 80' lang='lat' dir='ltr'>epitheto</span> <span class='ocrx_word' id='word_1_228' title='bbox 274 2237 392 2284; x_wconf 80' lang='lat' dir='ltr'>(Iliad.</span> <span class='ocrx_word' id='word_1_229' title='bbox 419 2239 526 2279; x_wconf 89' lang='lat' dir='ltr'>XVI,</span> <span class='ocrx_word' id='word_1_230' title='bbox 552 2242 637 2282; x_wconf 69' lang='lat'>1813</span> <span class='ocrx_word' id='word_1_231' title='bbox 656 2239 785 2287; x_wconf 84' lang='lat' dir='ltr'>Odyss.</span> <span class='ocrx_word' id='word_1_232' title='bbox 797 2241 843 2280; x_wconf 88' lang='lat' dir='ltr'>V,</span> <span class='ocrx_word' id='word_1_233' title='bbox 861 2243 923 2286; x_wconf 86' lang='grc'>49,</span> <span class='ocrx_word' id='word_1_234' title='bbox 942 2242 1028 2285; x_wconf 88' lang='lat' dir='ltr'>etc.)</span> <span class='ocrx_word' id='word_1_235' title='bbox 1041 2267 1051 2281; x_wconf 84' lang='grc'>,</span> <span class='ocrx_word' id='word_1_236' title='bbox 1066 2247 1205 2276; x_wconf 64' lang='grc' dir='ltr'><strong>α-σωπῶ</strong></span> <span class='ocrx_word' id='word_1_237' title='bbox 1229 2241 1431 2278; x_wconf 77' lang='lat' dir='ltr'>derivantes</span> <span class='ocrx_word' id='word_1_238' title='bbox 1443 2272 1451 2284; x_wconf 80' lang='lat'>‚</span> 
     </span>
     <span class='ocr_line' id='line_1_28' title="bbox 92 2295 1446 2348; baseline 0.006 -19"><span class='ocrx_word' id='word_1_239' title='bbox 92 2296 208 2341; x_wconf 79' lang='lat' dir='ltr'>possis</span> <span class='ocrx_word' id='word_1_240' title='bbox 224 2304 344 2331; x_wconf 87' lang='lat' dir='ltr'>tamen</span> <span class='ocrx_word' id='word_1_241' title='bbox 360 2295 406 2330; x_wconf 78' lang='lat' dir='ltr'>ad</span> <span class='ocrx_word' id='word_1_242' title='bbox 431 2296 521 2335; x_wconf 81' lang='grc' dir='ltr'><strong>σώζω</strong></span> <span class='ocrx_word' id='word_1_243' title='bbox 541 2295 673 2332; x_wconf 85' lang='lat' dir='ltr'>referre</span> <span class='ocrx_word' id='word_1_244' title='bbox 692 2309 774 2332; x_wconf 87' lang='lat' dir='ltr'>cum</span> <span class='ocrx_word' id='word_1_245' title='bbox 790 2298 990 2334; x_wconf 82' lang='lat' dir='ltr'>Welckero</span> <span class='ocrx_word' id='word_1_246' title='bbox 1001 2325 1011 2341; x_wconf 93' lang='lat'>‚</span> <span class='ocrx_word' id='word_1_247' title='bbox 1032 2299 1193 2348; x_wconf 83' lang='lat' dir='ltr'>AEschyl.</span> <span class='ocrx_word' id='word_1_248' title='bbox 1208 2301 1348 2348; x_wconf 80' lang='lat' dir='ltr'>Trilog.</span> <span class='ocrx_word' id='word_1_249' title='bbox 1364 2302 1446 2337; x_wconf 88' lang='lat' dir='ltr'>Pro-</span> 
     </span>
     <span class='ocr_line' id='line_1_29' title="bbox 94 2354 377 2401; baseline 0.004 -14"><span class='ocrx_word' id='word_1_250' title='bbox 94 2354 226 2396; x_wconf 83' lang='lat' dir='ltr'>meth.,</span> <span class='ocrx_word' id='word_1_251' title='bbox 246 2366 282 2401; x_wconf 87' lang='lat' dir='ltr'>p.</span> <span class='ocrx_word' id='word_1_252' title='bbox 297 2366 377 2400; x_wconf 79' lang='lat'><em>217.</em></span> 
     </span>
    </p>

    <p class='ocr_par' dir='ltr' id='par_1_6' title="bbox 90 2410 1443 2525">
     <span class='ocr_line' id='line_1_30' title="bbox 142 2410 1443 2464; baseline 0.007 -19"><span class='ocrx_word' id='word_1_253' title='bbox 142 2410 157 2435; x_wconf 84' lang='lat'>³</span> <span class='ocrx_word' id='word_1_254' title='bbox 175 2411 278 2446; x_wconf 78' lang='lat' dir='ltr'>Iliad.</span> <span class='ocrx_word' id='word_1_255' title='bbox 290 2412 381 2453; x_wconf 82' lang='lat' dir='ltr'>XX,</span> <span class='ocrx_word' id='word_1_256' title='bbox 401 2411 467 2454; x_wconf 83' lang='lat'>35;</span> <span class='ocrx_word' id='word_1_257' title='bbox 484 2413 631 2448; x_wconf 83' lang='lat' dir='ltr'>Hesiod.</span> <span class='ocrx_word' id='word_1_258' title='bbox 651 2414 721 2461; x_wconf 89' lang='lat' dir='ltr'>Op.</span> <span class='ocrx_word' id='word_1_259' title='bbox 738 2416 780 2458; x_wconf 78' lang='lat'>67</span> <span class='ocrx_word' id='word_1_260' title='bbox 792 2441 802 2454; x_wconf 84' lang='grc'><strong>.</strong></span> <span class='ocrx_word' id='word_1_261' title='bbox 822 2417 875 2457; x_wconf 86' lang='lat'>78.</span> <span class='ocrx_word' id='word_1_262' title='bbox 894 2410 921 2449; x_wconf 80' lang='grc' dir='ltr'>ὁ</span> <span class='ocrx_word' id='word_1_263' title='bbox 934 2416 1046 2461; x_wconf 79' lang='grc' dir='ltr'>σοφός,</span> <span class='ocrx_word' id='word_1_264' title='bbox 1060 2418 1288 2464; x_wconf 73' lang='grc' dir='ltr'>ποικιλομήτης</span> <span class='ocrx_word' id='word_1_265' title='bbox 1300 2445 1308 2460; x_wconf 92' lang='grc'>,</span> <span class='ocrx_word' id='word_1_266' title='bbox 1323 2418 1443 2459; x_wconf 73' lang='grc' dir='ltr'>δόλιος,</span> 
     </span>
     <span class='ocr_line' id='line_1_31' title="bbox 90 2470 1371 2525; baseline 0.009 -23"><span class='ocrx_word' id='word_1_267' title='bbox 90 2471 270 2516; x_wconf 78' lang='grc' dir='ltr'>στροφαῖος.</span> <span class='ocrx_word' id='word_1_268' title='bbox 290 2471 341 2513; x_wconf 84' lang='lat' dir='ltr'>Cf.</span> <span class='ocrx_word' id='word_1_269' title='bbox 357 2470 553 2525; x_wconf 69' lang='lat' dir='ltr'>Spanheim</span> <span class='ocrx_word' id='word_1_270' title='bbox 567 2471 615 2506; x_wconf 80' lang='lat' dir='ltr'>ad</span> <span class='ocrx_word' id='word_1_271' title='bbox 629 2472 810 2520; x_wconf 84' lang='lat' dir='ltr'>Aristoph.</span> <span class='ocrx_word' id='word_1_272' title='bbox 825 2474 916 2509; x_wconf 86' lang='lat' dir='ltr'>Plut.</span> <span class='ocrx_word' id='word_1_273' title='bbox 929 2499 938 2514; x_wconf 88' lang='lat'>‚</span> <span class='ocrx_word' id='word_1_274' title='bbox 953 2488 986 2509; x_wconf 92' lang='lat' dir='ltr'>v.</span> <span class='ocrx_word' id='word_1_275' title='bbox 1003 2489 1013 2508; x_wconf 83' lang='grc' dir='ltr'>ι</span> <span class='ocrx_word' id='word_1_276' title='bbox 1025 2475 1089 2510; x_wconf 88' lang='lat'>158</span> <span class='ocrx_word' id='word_1_277' title='bbox 1103 2503 1112 2518; x_wconf 87' lang='lat'><strong><em>‚</em></strong></span> <span class='ocrx_word' id='word_1_278' title='bbox 1126 2489 1161 2523; x_wconf 88' lang='lat' dir='ltr'>p.</span> <span class='ocrx_word' id='word_1_279' title='bbox 1180 2480 1249 2510; x_wconf 83' lang='lat'>636</span> <span class='ocrx_word' id='word_1_280' title='bbox 1262 2479 1371 2514; x_wconf 77' lang='lat' dir='ltr'>Beck.</span> 
     </span>
    </p>

    <p class='ocr_par' dir='ltr' id='par_1_7' title="bbox 138 2526 1316 2576">
     <span class='ocr_line' id='line_1_32' title="bbox 138 2526 1316 2576; baseline 0.005 -16"><span class='ocrx_word' id='word_1_281' title='bbox 138 2526 154 2552; x_wconf 73' lang='lat'><em>⁴</em></span> <span class='ocrx_word' id='word_1_282' title='bbox 175 2527 303 2574; x_wconf 78' lang='lat' dir='ltr'>Odyss.</span> <span class='ocrx_word' id='word_1_283' title='bbox 319 2528 424 2565; x_wconf 81' lang='lat' dir='ltr'><strong>xlx.</strong></span> <span class='ocrx_word' id='word_1_284' title='bbox 448 2528 516 2571; x_wconf 82' lang='lat'>395</span> <span class='ocrx_word' id='word_1_285' title='bbox 534 2541 613 2576; x_wconf 83' lang='lat' dir='ltr'><strong>sqq.</strong></span> <span class='ocrx_word' id='word_1_286' title='bbox 1314 2531 1316 2533; x_wconf 55' lang='grc'><strong><em>’</em></strong></span> 
     </span>
    </p>

    <p class='ocr_par' dir='ltr' id='par_1_8' title="bbox 143 2583 629 2632">
     <span class='ocr_line' id='line_1_33' title="bbox 143 2583 629 2632; baseline 0.006 -15"><span class='ocrx_word' id='word_1_287' title='bbox 143 2583 157 2605; x_wconf 83' lang='grc'><strong>5</strong></span> <span class='ocrx_word' id='word_1_288' title='bbox 178 2586 227 2625; x_wconf 84' lang='lat' dir='ltr'>CJ.</span> <span class='ocrx_word' id='word_1_289' title='bbox 244 2584 421 2631; x_wconf 76' lang='lat' dir='ltr'>imprimis</span> <span class='ocrx_word' id='word_1_290' title='bbox 435 2584 566 2632; x_wconf 73' lang='lat' dir='ltr'>Odyss.</span> <span class='ocrx_word' id='word_1_291' title='bbox 582 2587 629 2620; x_wconf 86' lang='lat' dir='ltr'>X.</span> 
     </span>
    </p>
   </div>
  </div>
 </body>
</html>
