1695 3139
780 211 795 275 <
825 212 856 257 8
886 210 900 273 )

175 301 267 346 sari
281 296 468 346 Hermoe
481 295 609 344 notio
624 292 877 343 videbatur
895 311 905 340 :
929 310 983 341 ex
996 309 1093 358 qua
1111 292 1292 340 scilicet
1306 292 1383 340 dei
1399 292 1515 341 deo-

176 398 285 428 rum
323 379 477 428 nuntii
518 394 716 428 munera
753 376 984 441 pleraque
1001 411 1013 431 ,
1046 375 1394 424 commercium
1434 376 1518 424 ho-

178 463 384 518 minum,
410 461 605 510 fraudes
639 470 742 508 tum
770 459 915 507 rebus
940 459 1085 525 gestis
1120 469 1219 507 tum
1251 460 1516 508 verborum

178 545 377 594 artificio
413 542 647 609 imprimis
666 532 947 609 conceptae,
993 542 1268 608 eloquentia
1307 542 1518 608 denique

180 628 426 692 pendeant.
452 628 508 678 Et
531 628 632 691 jam
660 625 913 679 Hesiodus,
935 624 1088 676 multo
1113 635 1223 674 ante
1242 625 1516 681 Platonem,

179 709 468 758 Mercurium
497 707 707 768 inducit,
734 707 1030 765 Pandoram,
1051 717 1310 773 postquam
1333 708 1520 772 pectori

180 793 282 857 ejus
327 791 572 844 mendacia
609 790 910 856 blandosque
946 775 1193 843 sermones
1233 801 1282 840 et
1326 809 1520 840 morum

182 875 415 923 fallaciam
450 873 644 929 indidit,
686 891 913 924 sermone·
943 874 1204 924 donantem
1232 875 1266 932 ¹,
1306 885 1441 924 tanto
1469 886 1524 922 ut

183 957 421 1005 bonorum
440 957 510 1009 sic
530 958 766 1005 malorum
795 957 1128 1006 instrumento.

248 1040 380 1087 Hanc
403 1049 562 1087 tamen
597 1043 716 1106 λόγου
748 1039 1014 1096 notionem,
1050 1058 1158 1105 quae
1185 1040 1233 1087 in
1261 1040 1491 1089 Indorum
1510 1077 1523 1096 ,

187 1122 461 1179 Persarum,
495 1122 854 1188 AEgyptiorum,
881 1122 1161 1176 Phoenicum
1187 1139 1383 1189 quoque
1413 1122 1522 1171 reli*

186 1203 406 1268 gionibus
438 1215 568 1252 tanta
596 1216 788 1269 ceperat
825 1205 1119 1253 incrementa
1152 1213 1195 1262 ²,
1230 1222 1326 1253 non
1366 1205 1527 1254 minus

188 1287 313 1350 apud
335 1297 517 1335 veteres
540 1288 727 1344 Graecos
754 1288 1002 1357 <Pelasgos
1022 1287 1216 1354 dicunt)
1238 1306 1343 1336 esse
1366 1288 1526 1336 elabo-

192 1379 339 1417 ratam
354 1406 365 1427 ‚
389 1370 753 1420 Samothracum
775 1370 906 1418 initia
931 1388 1018 1418 nos
1040 1371 1263 1426 edocent,
1286 1372 1332 1418 in
1349 1372 1530 1436 quibus

189 1452 429 1500 eminebat
464 1453 729 1501 Mercurius
763 1453 842 1502 ille
878 1470 1025 1519 quem
1061 1453 1219 1519 primo
1250 1454 1357 1503 loco
1393 1455 1530 1519 ponit

191 1536 371 1584 Cicero.
398 1536 636 1587 Nimirum
654 1537 727 1584 his
748 1537 794 1584 in
818 1537 1075 1602 mysteriis,
1103 1555 1210 1602 quae
1238 1537 1527 1585 Cabirorum

192 1630 540 1683 nuncupantur,
559 1630 605 1667 et
618 1618 807 1668 Boeotiae
821 1619 1087 1690 quondam,
1102 1620 1280 1679 Atticae,
1297 1622 1532 1686 Pelopon-

193 1720 401 1767 nesoque
437 1702 711 1751 communia
747 1703 910 1760 fuere,
952 1704 1152 1751 Hermes
1175 1722 1257 1751 seu
1293 1704 1530 1760 Cadmus,

193 1785 363 1849 poprio
389 1784 581 1834 nomine
616 1784 648 1843 ³,
675 1784 804 1834 idem
829 1785 1099 1849 Cadmilus‚
1122 1787 1221 1843 Diis
1244 1788 1447 1854 magnis,
1479 1799 1532 1838 ut

236 1906 243 1926 ¹
376 1900 416 1938 ὲν
435 1904 467 1937 δ’
485 1904 551 1950 ἄρα
567 1905 596 1937 οἱ
614 1904 758 1941 στήθεσσι
773 1903 941 1952 διάκτορος
958 1897 1172 1954 Ᾱργειφόντης

377 1960 504 1997 Ψεύδεοί
519 1964 546 1996 θ’
567 1963 728 2010 αἱμυλίους
743 1976 779 1997 τε
796 1963 910 2011 λόγους
926 1962 983 2006 καὶ
1003 1965 1176 1998 ἐπίκλοπον
1191 1963 1269 2003 ἦθος.
1284 2006 1287 2007 ⁷

375 2021 473 2062 Τεῦξε
493 2022 561 2060 Διὸς
582 2022 711 2067 βουλῇσι
730 2022 955 2068 βαρυκτύπου·
975 2023 1004 2055 ἐν
1025 2020 1057 2055 δ’
1076 2022 1142 2069 ἄρα
1161 2023 1266 2067 φωνὴν

375 2083 462 2116 Oine
478 2082 555 2113 θεῶν
571 2079 760 2127 κῆρυξ.......
784 2071 787 2074 ⁴
1037 2081 1107 2130 Op.
1123 2091 1157 2117 et
1171 2082 1237 2124 D..
1260 2095 1293 2116 v.
1315 2085 1439 2129 77-80.

235 2158 249 2174 ²
273 2150 415 2193 Confer.
434 2150 642 2199 Antiquitat.
660 2151 837 2197 Religion.
858 2164 886 2186 ε.
908 2152 1069 2199 Symbol.
1085 2161 1119 2186 et
1140 2152 1297 2200 Mythol.
1314 2152 1400 2199 gall.
1422 2164 1513 2187 vers.
1526 2178 1536 2194 ‚

188 2210 244 2242 lib.
265 2210 303 2250 Ι,
320 2221 399 2256 cap.
430 2211 483 2243 IV
502 2219 536 2244 et
561 2210 607 2249 V,
629 2218 653 2244 t.
675 2210 711 2251 1,
729 2222 763 2257 p.
790 2208 859 2251 225
891 2222 966 2257 sq.,
998 2208 1088 2251 245,
1120 2221 1187 2255 292
1215 2219 1251 2246 et
1281 2211 1372 2256 293,
1403 2219 1478 2251 not.
1525 2222 1538 2250 ;

188 2268 315 2302 ub.111
327 2294 336 2310 ,
356 2281 435 2316 cap.
451 2270 516 2311 IV,
537 2278 560 2303 t.
581 2270 598 2303 Ι
611 2296 620 2311 ,
639 2282 674 2316 p.
692 2272 780 2312 444,
795 2278 868 2304 not.
884 2273 925 2312 83
943 2269 1004 2305 lib.
1020 2270 1084 2311 lV,
1105 2282 1185 2317 cap.
1202 2270 1260 2312 11,
1274 2271 1419 2317 possim,
1436 2278 1460 2305 t.
1481 2270 1538 2310 11,

185 2327 377 2374 praesertim
396 2329 432 2361 in
451 2328 624 2361 excursib.
647 2339 669 2363 ι.
683 2330 700 2362 1
713 2354 722 2370 ‚
735 2341 769 2374 p.
790 2327 855 2361 851
878 2340 977 2374 sqq.,
1000 2329 1068 2373 869
1082 2340 1136 2375 sq.

233 2385 249 2409 ³
269 2386 489 2430 Pelasgicum
506 2394 557 2419 est
573 2398 715 2420 nomen.
737 2384 870 2432 Κάδμος
891 2386 906 2418 ὁ
924 2379 1030 2432 Ερμῆς
1047 2384 1140 2433 ποιρὰ
1157 2386 1220 2424 τοῖς
1238 2386 1408 2432 Τυρσηνοῖς
1425 2386 1538 2432 (Tyr-

186 2444 303 2478 thenis
323 2443 510 2490 Pelasgis).
526 2444 683 2491 Etymol.
700 2443 857 2479 Gudian.
868 2470 877 2486 ,
894 2458 931 2492 p.
952 2456 1039 2489 290,
1053 2453 1203 2480 correct.
1218 2444 1264 2479 ab
1278 2444 1323 2478 Ο.
1335 2443 1478 2479 ΜὲίΙΙεῐ.
1500 2443 1537 2479 in

186 2504 403 2538 Orchomen.
416 2528 425 2544 ,
439 2515 475 2550 p.
488 2505 552 2545 461
569 2530 579 2544 .
594 2517 628 2539 u.
647 2516 677 2539 ιι
692 2502 859 2550 Κάδμιλος
877 2504 891 2536 ὁ
906 2498 1011 2550 Ερμῆς
1026 2507 1202 2542 Βοιωτικὼς
1215 2501 1328 2550 (quod
1342 2502 1436 2538 idem
1452 2503 1516 2548 est)
1528 2528 1538 2545 ,

185 2564 304 2598 Τιειι.
320 2563 355 2596 in
372 2562 604 2610 Lycophrou.
620 2589 628 2605 ,
650 2576 681 2598 v.
705 2564 787 2605 162,
807 2562 889 2598 coll.
907 2575 986 2606 2¹9-
