1695 3139
744 259 758 322 <
792 260 822 305 ⁹
855 257 870 321 >

141 341 358 406 loquitur
384 343 532 390 Varro
550 354 561 374 ¹
580 379 591 397 ,
616 342 747 390 Coelo
772 353 819 389 et
849 343 1035 400 Terrae,
1066 341 1203 404 juxta
1234 336 1352 384 alios
1386 335 1485 384 Soli

143 434 191 471 et
212 424 352 473 Lunae
377 424 713 491 cosmogonico
727 442 871 474 sensu
890 422 1214 477 ministrabat,
1245 419 1483 467 mundum

144 506 204 554 ab
235 506 418 573 origine
454 512 582 555 recta
615 491 796 557 ratione
821 506 960 573 (λόγῳ)
993 506 1284 559 formatum,
1314 501 1484 551 eadem

143 591 399 654 quotannis
417 599 689 640 'recreatum
710 592 939 659 exhibens
953 628 964 648 ,
985 591 1111 639 inter
1130 599 1364 653 utrosque
1385 604 1484 634 me-

142 673 250 721 dius
284 673 315 721 ².
352 675 416 721 Ea
448 674 575 722 enim
604 674 851 723 'sententia
885 684 988 722 erat
1026 673 1200 721 fabulae
1241 669 1483 718 hieraticae

142 774 287 820 quam
303 757 351 804 in
367 757 697 806 Samothraces
720 757 866 805 sacris
878 756 1105 821 explicari
1128 755 1245 803 dicit
1264 752 1483 822 Herodo-

142 850 218 887 tus
237 839 268 895 3,
290 851 339 888 et
363 840 589 904 adquam
603 841 773 888 Cicero
795 839 964 887 alludit
978 845 1166 903 [quum
1185 836 1483 885 Mercurium

140 923 370 987 adspectu
384 923 680 987 Proserpinae
694 932 993 971 commotum
1007 939 1109 970 esse
1126 921 1289 977 refert,
1304 918 1485 967 scilicet

139 1005 481 1071 Ithrphallam,
507 1017 560 1054 ut
591 1024 702 1054 eum
736 1024 762 1053 a
788 1004 994 1071 Pelasgis
1029 1003 1172 1069 primi
1201 1004 1482 1051 Graecorum

139 1088 367 1152 effingere
404 1089 710 1136 Athenienses
753 1089 1043 1137 didicerunt.
1089 1086 1358 1135 Mercurius
1400 1085 1481 1131 ille

139 1169 284 1235 igitur
327 1187 438 1218 vere
490 1170 693 1218 coelestis
711 1207 722 1227 ‚
774 1187 1054 1235 quanquam
1106 1168 1333 1217 obscoena
1372 1165 1485 1215 satis

141 1251 315 1317 figura,
364 1252 448 1317 qui
491 1262 539 1300 et
581 1263 789 1301 mentem
833 1252 1132 1301 effectricem
1180 1250 1484 1316 procreando

141 1335 324 1384 mundo
358 1334 653 1391 interfuisse,
686 1347 733 1385 et
761 1337 999 1388 mundum
1026 1336 1158 1383 hunc
1187 1334 1385 1382 rationis
1411 1352 1484 1382 se-

139 1418 327 1465 minalis
352 1419 560 1483 legibus,
584 1419 620 1465 si
652 1420 739 1466 rite
772 1420 1154 1484 interpretantur
1178 1418 1410 1468 Platonici
1438 1419 1457 1455 4
1474 1455 1484 1472 ,

140 1512 376 1566 perpetuo
398 1501 635 1549 contineri
660 1502 909 1566 significet.

202 1583 304 1633 Alia
327 1601 456 1631 nunc
476 1584 633 1648 specie
655 1584 794 1632 nobis
813 1595 1013 1649 apparet
1033 1586 1257 1637 Hermes,
1287 1586 1487 1650 pelasgi-

137 1685 222 1715 cus
258 1685 470 1731 semper,
498 1685 690 1732 semper
727 1678 939 1716 mentem
971 1668 1356 1734 generatricem,
1375 1687 1484 1734 quae

140 1750 375 1800 mundum
410 1761 456 1798 et
491 1750 652 1799 vivere
677 1750 818 1798 faciat
854 1761 902 1799 et
936 1751 1187 1806 informet,
1219 1769 1486 1817 vocemque

137 1835 395 1882 fecundam
419 1846 467 1882 et
486 1836 803 1898 opitulantem
826 1846 1186 1899 repraesentans.
1210 1838 1251 1883 ls
1268 1847 1341 1884 est
1361 1837 1484 1884 Mer-

137 1916 322 1973 curius,
345 1916 428 1983 qui
446 1917 537 1966 suh
557 1917 698 1966 terris
715 1917 940 1975 habetur,
957 1918 1085 1966 unde
1103 1919 1297 1967 oracula
1320 1929 1486 1984 peten-

136 2000 267 2049 tibus
286 2001 498 2064 profert,
526 2002 653 2049 idem
680 2012 808 2050 reete
828 2020 854 2050 a
888 2002 1119 2051 Cicerone
1144 2021 1257 2051 cum
1270 2004 1486 2069 Tropho-

184 2149 193 2166 “
213 2150 267 2182 De
282 2148 401 2195 lingua
418 2149 481 2184 lat.
495 2150 559 2191 lV,
583 2162 638 2184 10.

183 2226 196 2242 ²
216 2218 360 2254 Confer.
381 2220 501 2267 Antiq.
525 2220 659 2267 Relig.,
678 2221 740 2255 lib.
759 2222 806 2264 V,
835 2230 922 2258 sect.
944 2223 982 2266 1,
1007 2233 1087 2270 cap.
1113 2223 1169 2265 11,
1195 2232 1262 2258 art.
1285 2224 1361 2266 111,
1387 2233 1412 2258 t.
1431 2225 1486 2265 ΙΙ,

134 2291 168 2325 p.
193 2278 360 2314 288301.

181 2347 196 2371 3
218 2349 275 2390 11,
294 2347 333 2383 51
348 2374 358 2391 ,
373 2348 548 2382 ibiBaehr.

183 2420 198 2447 ⁴
214 2420 391 2460 Plotinus,
412 2421 614 2470 Porphyr.,
631 2422 692 2457 alii
713 2423 810 2471 apud
825 2424 951 2460 Creuz.
975 2424 1021 2460 ad
1044 2424 1118 2460 Cic.
1143 2424 1188 2460 de
1203 2426 1247 2460 N.
1266 2426 1310 2461 D.
1331 2426 1405 2470 111,
1423 2439 1464 2462 Μ
1477 2453 1487 2468 ,

131 2491 167 2524 p.
187 2480 255 2519 604
274 2492 327 2526 sq.
341 2505 350 2522 ,
366 2479 449 2516 coll.
469 2479 589 2527 Antiq.
609 2481 722 2527 Reiig.
745 2491 768 2526 t,
785 2483 842 2525 ΙΙ,
862 2496 898 2530 p.
910 2496 976 2529 297
991 2495 1045 2530 sq.
1058 2482 1196 2531 (λόγοςὸ
1215 2484 1346 2518 πάντων
1362 2498 1486 2522 ποιητι-

131 2537 185 2579 νςὸς
204 2535 260 2571 καὶ
280 2538 497 2585 ἐρμηνευτικὸς
500 2565 560 2573 .....
584 2540 801 2587 σπερμκτικὸς
820 2540 915 2589 λόγος
929 2541 943 2575 ὁ
959 2540 1078 2579 διήκων
1098 2539 1153 2576 διὰ
1176 2542 1305 2577 πάντων
1311 2568 1370 2579 .....
1389 2543 1484 2591 λόγος

133 2595 149 2628 ὁ
164 2593 219 2628 διὰ
232 2595 362 2630 πάντων
380 2597 558 2643 πεφυκώς).
