1695 3139
743 268 756 329 <
798 267 855 311 18
879 265 902 327 >>

158 355 396 402 Caeterum
418 345 607 399 divinus
632 364 790 412 praeco
817 345 984 394 mundi
1011 344 1160 410 spatia
1186 362 1333 393 cursu
1368 345 1497 406 inde-

154 437 280 484 fesso
306 435 533 487 lustrans,
553 430 658 479 coeli
684 440 732 478 et
753 440 919 484 terrae,
947 444 1237 492 superorum
1260 436 1406 492 atque
1432 428 1500 474 in-

153 518 311 567 ferum
342 524 635 564 commeator
670 512 853 561 exsistit
887 522 1152 577 perpetuus
1177 512 1206 558 ¹.
1258 511 1421 570 Quare
1455 522 1502 558 et

151 598 424 647 hominibus
468 605 514 644 et
548 595 640 642 diis
680 594 944 660 praesertim
987 594 1296 642 nascentibus
1336 593 1500 647 adest,

150 683 243 729 vita
275 682 551 728 functorum
579 678 761 725 animas
787 677 847 724 ad
876 677 1062 725 Orcum
1095 676 1339 725 deducere
1369 694 1502 741 para·

147 775 224 812 tus
261 762 389 812 idem
434 769 468 808 ².
508 760 645 810 Unde
677 771 722 809 et
754 758 1015 824 aliquando
1051 758 1240 807 reducit
1274 776 1353 807 eas
1377 754 1413 815 3,
1448 769 1501 807 ut

150 847 384 894 Somnum
409 855 456 892 et
471 843 664 892 Somnia
681 879 692 898 ‚
714 837 875 891 Noctis
887 842 1105 890 sobolem
1120 841 1155 889 4.
1170 842 1293 889 Hinc
1312 842 1500 890 diversa

148 928 216 976 illi
237 928 522 993 cognomina
548 925 696 973 indita
718 926 750 981 ⁵,
773 935 820 973 et
844 942 957 972 cum
980 924 1141 972 Parcis
1167 924 1355 991 diisque
1381 925 1502 972 infe-

147 1012 212 1059 ris
225 1010 522 1072 familiaritas
561 1009 808 1074 quaedam,
851 1025 1037 1056 necnon
1056 1045 1067 1065 ‚
1112 1009 1174 1056 de
1218 1027 1316 1073 quo
1354 1027 1499 1074 supra

149 1093 327 1143 mentio
362 1093 487 1142 facta
519 1103 615 1154 est,
651 1091 834 1158 aliquid
867 1090 1143 1141 divinatorii
1176 1091 1299 1142 inest
1335 1110 1501 1141 munc-

148 1176 213 1223 ris
230 1174 266 1223 ⁶.

211 1259 410 1306 Hermes
457 1267 636 1314 autem,
673 1256 720 1304 in
760 1256 937 1322 mythis
991 1266 1122 1305 certe
1159 1257 1498 1321 popularibus,

145 1341 237 1389 hoc
254 1341 494 1405 praecipue
509 1340 690 1387 eminet
703 1375 714 1394 ‚
733 1339 864 1403 quod
882 1339 1147 1387 famulante
1170 1341 1276 1404 ejus
1297 1349 1344 1387 et
1361 1340 1497 1405 quasi

148 1422 430 1472 intermedia
456 1439 603 1486 opera
627 1433 924 1485 commeatus
957 1422 1154 1470 omnino
1174 1434 1503 1486 procurantur

147 1522 410 1569 rerumque
443 1514 490 1551 et
516 1505 735 1551 locorum
763 1504 1101 1551 conversiones
1128 1504 1500 1558 mutationesve‚

148 1587 397 1636 hominum
418 1577 793 1636 necessitudines
807 1597 853 1635 et
869 1586 1160 1635 commercia
1182 1587 1309 1635 inter
1322 1605 1371 1635 se
1385 1589 1499 1652 jun-

198 1704 206 1728 ¹
223 1704 352 1752 Superis
370 1702 501 1738 deorum
516 1705 636 1737 Gratus
649 1713 682 1737 et
699 1703 789 1746 imis,
806 1711 847 1738 ut
861 1702 957 1739 canit
972 1703 1121 1745 Horat.,
1140 1704 1260 1740 Carm.
1274 1705 1315 1750 1,
1339 1716 1401 1747 ιο,
1409 1704 1476 1751 fin.

196 1771 210 1787 ²
228 1764 326 1806 Quas
349 1771 384 1797 et
411 1762 448 1796 in
476 1761 635 1809 Odyssea
653 1761 828 1809 primum,
848 1762 977 1797 ultimo
1006 1761 1117 1803 libro,
1136 1771 1257 1809 partes
1281 1763 1424 1809 accipit.
1451 1765 1500 1807 Cf.

147 1820 316 1869 Sophocl.
333 1820 431 1867 Ajac.
459 1820 525 1854 832
537 1844 547 1862 ,
565 1818 729 1867 Euripid.
755 1818 851 1854 Med.
870 1818 939 1867 754
967 1820 1163 1866 (πομπαῖος,
1177 1820 1333 1868 χθόνιος);
1352 1821 1479 1856 Horat.
1492 1847 1502 1863 ‚

150 1890 266 1925 Carm.
286 1889 323 1931 1,
349 1902 410 1931 ιο,
433 1902 487 1932 ¹7·

195 1947 210 1972 ³
226 1946 357 1995 Hygin.
373 1946 444 1981 sab.
466 1947 553 1982 CIII
565 1973 575 1990 ,
591 1946 702 1982 CCLI
714 1972 724 1989 ,
743 1946 788 1981 ibi
801 1946 1011 1995 interpret-3
1029 1947 1160 1994 Virgil.
1179 1960 1287 1996 supra
1307 1949 1407 1984 laud.

197 2007 212 2033 4
231 2004 358 2051 Odyss.
374 2005 447 2038 VII
461 2030 470 2045 ,
493 2008 575 2047 138,
590 2005 635 2038 ihi
653 2005 775 2039 Schol.
791 2005 904 2040 Palat.
917 2017 929 2048 3
944 2005 1092 2040 Hesiod.
1104 2006 1245 2053 Theog.
1264 2019 1331 2041 οη
1345 2032 1355 2048 ,
1369 2008 1451 2054 758.

199 2063 213 2087 ⁵
232 2062 450 2109 Ψυχοπομπός
461 2088 470 2104 ,
490 2062 705 2112 ψυχαγωγός,
722 2064 964 2111 νεκροπομπός,
978 2064 1208 2112 ὄνειροπομπός
1219 2090 1229 2107 ,
1247 2062 1436 2105 ὑπνοδότης.
1451 2066 1502 2110 Cf.

148 2122 313 2156 Euszanh.
327 2121 374 2156 ad
391 2121 520 2168 Odyss.
536 2122 647 2162 vm,
663 2122 751 2167 278,
771 2134 808 2168 p.
825 2122 890 2156 311
909 2122 1020 2156 Banu.
1149 2113 1162 2125 ·

195 2180 211 2204 ⁶
238 2180 402 2215 Eundem
427 2180 535 2215 fuisse
558 2181 724 2229 primitus
748 2181 967 2216 Mercurium
986 2181 1128 2227 χθόνιον,
1146 2183 1291 2230 ἐριούνιον
1311 2182 1387 2219 sive
1403 2188 1501 2218 πλου-

147 2238 299 2283 τοδότην,
317 2239 528 2286 ψυχοπομπόν
542 2265 551 2281 ,
572 2249 655 2283 etc„
671 2252 715 2275 ac
741 2241 932 2275 Plutonem
956 2253 1017 2276 seu
1033 2241 1159 2276 Haden
1183 2242 1366 2286 (Πλούτων,
1383 2241 1496 2283 dives,

147 2290 243 2335 Ᾰΐδης
258 2297 316 2332 vel
331 2290 402 2338 Ᾰϊς,
416 2298 476 2343 qui
495 2310 565 2331 non
586 2297 739 2342 videtur)
754 2298 990 2344 probabiliter
1003 2298 1174 2345 opinatur
1191 2298 1446 2333 Schwenckius
1464 2299 1502 2332 in

146 2354 303 2407 Etymol.
322 2354 463 2402 mythol
493 2355 695 2402 germanice
713 2355 871 2404 scriptis,
889 2368 928 2405 p.
952 2356 1016 2391 123
1040 2368 1119 2405 sqq.
1139 2356 1278 2406 Nempe
1303 2356 1342 2401 iu
1370 2355 1503 2405 Gigan-

147 2412 349 2455 tomachia,
365 2412 460 2460 apud
478 2413 691 2461 Apollodor.
711 2416 747 2457 Ι,
770 2416 792 2448 6
804 2440 814 2456 ‚
834 2427 874 2457 ο,
900 2415 1101 2450 Mercurius
1119 2415 1248 2461 >adhuc
1274 2408 1371 2455 Ᾰῖὸος
1391 2417 1501 2454 κυνέην

144 2471 258 2517 gerit,
276 2469 444 2508 dumhic
461 2470 557 2519 apud
575 2471 770 2507 Pindarum
788 2473 949 2522 (Olymp.
967 2473 1041 2515 lx,
1063 2473 1109 2509 50
1131 2485 1211 2522 sqq.
1223 2499 1234 2516 ,
1258 2473 1342 2509 coll.
1370 2473 1502 2522 Odyss-

147 2530 286 2573 XXIV,
304 2529 341 2576 5)
362 2529 527 2565 Mercurii
546 2528 658 2579 ῥοὶῧδῳ
678 2531 870 2568 instructus
894 2542 964 2573 est,
993 2545 1064 2581 qua
1084 2533 1251 2569 mortalia
1270 2545 1423 2582 corpora
1455 2533 1502 2569 ad

148 2590 283 2624 Orcum
302 2588 495 2635 compellit.
