1695 3139
765 289 780 351 <
814 288 876 334 25
910 288 925 352 >

172 363 235 422 ei,
249 376 456 432 ,propter
466 369 858 428 communionem
875 370 1085 437 aliquam
1102 388 1186 419 seu
1206 371 1411 420 notionis
1429 390 1511 420 seu

175 450 410 506 muneris,
443 453 673 516 temporis
702 454 909 507 decursu
941 455 1214 503 consociati.
1248 455 1363 502 Inde
1396 473 1510 503 vero

172 533 326 597 capita
346 534 426 581 illa
450 535 683 599 geminata
707 548 812 584 orta
836 548 973 594 sunt,
999 538 1176 603 quibus
1203 550 1250 587 et
1274 539 1512 604 geminata

173 615 385 673 nomina,
436 618 787 676 Hermerakles-‚
843 621 1186 677 Hermathene,
1226 622 1485 669 Hei-meros
1501 656 1511 674 ,

171 699 449 757 Hermares,
470 701 768 768 Hermopan,
789 702 1131 760 Hermanubis,
1161 715 1327 752 caeter-a
1343 741 1354 761 ,
1379 723 1510 769 quae-

172 800 266 848 que
285 783 333 831 in
346 785 601 850 gymnasiis
614 785 692 851 (de
710 785 866 833 tribus
885 786 1131 851 prioribus
1150 798 1335 835 certum
1354 788 1386 850 ¹)
1404 788 1509 834 vul-

169 884 229 932 go
250 867 538 924 visebantur.

486 974 505 992 ἱ(
830 975 850 993 ἁ
1175 976 1193 996 «h

238 1040 379 1098 Quod
396 1040 456 1087 ad
470 1041 794 1088 Romanorum
825 1043 1095 1090 Mer-curiam
1120 1042 1309 1098 attinet,
1333 1059 1506 1089 nomen

169 1124 271 1187 ejus
288 1140 315 1170 a
339 1124 557 1171 mercibus
574 1124 859 1189 plerumque
877 1124 1085 1171 trahitur·
1100 1132 1133 1179 ²,
1152 1135 1200 1171 et
1222 1125 1323 1188 ipse
1346 1142 1508 1171 revera

170 1219 397 1273 tanquam
417 1217 695 1254 mercaturae
710 1207 829 1254 deus
854 1208 1014 1255 Romae
1036 1207 1300 1271 pr-aesertim
1321 1207 1509 1254 coleba-

169 1289 571 1355 tur.Praecipuum
586 1289 794 1338 habebat
806 1290 1042 1355 templum
1058 1307 1154 1338 non
1172 1290 1312 1355 longe
1326 1307 1350 1336 a
1369 1289 1509 1336 Circo

168 1373 387 1422 Maximo.
423 1375 559 1421 Festo
591 1383 751 1421 autem
776 1373 854 1420 die
882 1373 1034 1429 illius,
1066 1373 1151 1436 qu'i
1182 1372 1342 1420 idibus
1374 1372 1510 1419 maiis

169 1461 298 1511 erat,
332 1456 563 1503 sacrificia
600 1464 709 1503 ante
734 1463 924 1520 portam
962 1454 1204 1519 Capenam
1236 1454 1514 1503 factitabant

173 1548 482 1594 mercatores,
510 1548 565 1585 ut
594 1537 741 1585 deum
760 1537 850 1584 sibi
870 1537 1208 1602 propitiarent,
1229 1549 1277 1585 et
1299 1556 1423 1602 aqua
1449 1539 1517 1584 vi—

170 1622 298 1677 cina,
325 1622 565 1670 Mercurio
603 1640 761 1678 sacra,
788 1621 1018 1686 praeteriti
1050 1621 1263 1686 pei-juria
1283 1622 1513 1687 temporis

169 1705 451 1763 abluebant,
490 1722 611 1754 nova
648 1714 870 1771 pat-antes
896 1700 931 1752 3.
970 1704 1152 1752 Horatii
1184 1705 1306 1752 bene
1345 1715 1511 1759 notum

169 1792 429 1855 hymnum,
467 1807 565 1854 quo
603 1789 761 1837 vivide
793 1789 1184 1854 perstringuntur
1210 1807 1511 1854 quaecunque

168 1871 228 1919 'de
249 1873 425 1920 Her-me
453 1888 542 1920 suo
575 1871 910 1919 fabularentur·
939 1869 1112 1926 Graeci,
1148 1887 1293 1934 supra
1320 1888 1346 1917 a
1373 1871 1512 1918 nobis

165 1953 418 2017 explicata,
449 1972 502 2002 re
528 1973 807 2020 quanquam
833 1954 1004 2011 dubia,
1026 1954 1139 2001 huic
1173 1955 1294 2002 festo
1315 1972 1509 2019 compo-

165 2035 311 2083 situm
336 2037 483 2085 fuisse
521 2038 704 2085 volunt.
741 2039 924 2087 Nomen
952 2036 1111 2101 ipsum
1145 2039 1268 2085 Maii
1282 2037 1457 2086 mensis
1482 2057 1506 2085 a

165 2117 319 2173 Μαῖα,
351 2118 575 2165 Romanis
611 2129 762 2166 matre
787 2128 870 2165 aut
901 2119 1088 2165 nutrice
1113 2120 1284 2166 tellure
1306 2122 1325 2156 4
1341 2157 1353 2179 ,
1379 2123 1501 2168 Mer·-

212 2235 220 2255 ¹
244 2235 382 2282 Nempe
399 2236 593 2282 gymnasiis
622 2247 704 2269 cum
723 2236 903 2270 Mercurio
934 2244 1109 2281 praeerant
1134 2235 1325 2278 Hercules,
1343 2237 1504 2273 Miner-vn

161 2303 194 2329 εἰ
210 2293 364 2387 *Οὲξὲῗιῒέ
377 2365 404 2385 s.
423 2365 460 2386 v.
479 2372 524 2377 —
548 2351 691 2386 servius
715 2350 776 2398 (ad
795 2350 923 2397 virgil.
946 2349 1086 2386 AEneid.
1099 2350 1214 2393 VIII,
1234 2353 1315 2397 138)
1332 2352 1463 2402 aliique
1482 2368 1500 2389 a

91 2414 94 2417 ’
161 2410 285 2443 medius
308 2422 436 2442 currere
458 2408 659 2451 deducunt,
685 2421 788 2443 sensu
805 2408 951 2455 quidem
970 2407 1169 2454 multiplici.
1189 2410 1239 2451 Cf.
1257 2409 1385 2445 Isidor.
1403 2412 1503 2458 Orig.

160 2468 272 2510 VIII,
294 2480 346 2503 η.

207 2525 224 2552 ³
239 2525 346 2562 ovid.
366 2526 459 2562 Fast.
472 2527 519 2569 V,
537 2526 603 2563 663
617 2537 696 2574 sqq.

206 2585 223 2612 ⁴
247 2586 411 2620 Macrob.
441 2585 617 2620 Saturnal.
643 2586 677 2625 1,
709 2599 761 2619 η.
801 2586 849 2627 Cfi
877 2584 996 2631 Antiq.
1026 2584 1156 2630 Relig„
1182 2584 1241 2617 lib.
1261 2586 1303 2625 V,
1334 2595 1417 2619 sect.
1447 2588 1507 2629 11,

161 2657 238 2692 cap.
258 2645 303 2687 V,
317 2653 341 2679 t.
360 2645 417 2685 11,
437 2657 471 2692 p.
491 2644 569 2685 504.
765 2656 768 2658 ’

1276 2708 1294 2741 3
