1695 3139
0 0 164 278 s

2 285 29 381 j
68 378 214 426 opere
237 377 370 408 mens
390 360 568 408 eminet
591 358 834 419 Mercurii,
850 361 969 424 λόγος
987 356 1232 411 videlicet,
1256 364 1307 401 ut
1333 354 1421 400 ini-

64 444 132 491 tio
143 443 364 507 diximus,
376 443 495 490 dum
510 443 606 490 Pan
623 460 801 508 corpus
814 443 931 506 ejus,
945 459 1028 489 seu
1043 439 1230 487 virilem
1243 454 1417 501 corpo-

65 526 131 573 ris
150 526 381 575 effectum
392 563 402 582 ,
419 536 466 573 et
480 543 589 574 vere
605 530 717 590 φύσιν
733 525 938 573 exhibet.
958 524 1090 571 Illam
1112 534 1275 570 autem
1290 521 1413 568 Mer-

0 603 15 670 ξ
65 609 188 657 curii
206 619 416 658 mentem
434 619 682 674 ratamque
702 609 934 657 rationem
955 608 1101 656 refert
1115 644 1125 662 ‚
1145 624 1240 654 non
1257 605 1414 653 solum

3 695 5 698 ’
64 692 362 757 qui-Boeotiae
398 692 602 758 Pelasgis
628 693 808 740 litteras
839 701 886 739 et
912 691 1012 755 ipse
1041 690 1268 737 detulisse
1307 706 1407 736 mc-

67 784 285 822 moratur
309 773 519 821 Cadmus
535 810 547 834 ‚
568 774 651 821 sed
670 773 811 821 etiam
838 774 981 820 Arcas
1007 772 1237 827 Evander,
1258 789 1285 818 a
1310 788 1409 835 quo

64 854 217 904 simile
242 855 472 920 quiddam
501 855 617 902 Latii
640 854 932 920 Aborigenes
961 864 1274 917 acceperunt,
1304 853 1416 916 qui-

64 955 181 1001 que.
208 937 420 985 Cadmus
445 937 590 992 alter,
615 938 814 985 Hermes
834 946 906 985 est
932 945 1215 1000 personatus
1239 945 1272 982 ².

384 1092 404 1111 <k
734 1092 751 1112 ἡ
1081 1092 1099 1110 <k

128 1178 265 1224 Nunc
281 1192 396 1224 vero
419 1193 732 1240 quascunque
754 1175 1039 1223 mutationes
1062 1174 1265 1222 subierit
1294 1175 1416 1222 Mer—

64 1258 226 1307 curius
237 1268 294 1306 ut
310 1258 441 1323 apud
456 1258 720 1324 Olympum
739 1269 786 1306 et
812 1258 936 1305 inter
955 1258 1071 1306 deos
1100 1257 1215 1306 istos
1245 1257 1416 1322 Epico-

65 1360 174 1389 rum
197 1351 449 1406 poetarum
474 1341 713 1406 speciosos
738 1341 901 1389 sedem
931 1341 1023 1388 sibi
1051 1341 1251 1396 faceret,
1280 1341 1327 1388 in
1356 1358 1414 1390 eo

63 1436 222 1472 tamen
257 1434 304 1471 et
333 1434 536 1479 naturae,
563 1423 877 1469 animantium
906 1422 1169 1486 imprimis,
1207 1434 1255 1470 et
1280 1440 1415 1470 men-

63 1506 146 1560 tis,
180 1504 434 1571 sagacioris
458 1504 586 1552 illius
615 1504 814 1569 quidem
834 1517 882 1552 et
903 1505 1184 1552 inventricis
1198 1502 1232 1562 3,
1255 1517 1417 1553 aucto-

65 1605 167 1636 rem
194 1588 341 1636 deum
371 1587 680 1652 reperiemus.
714 1589 932 1653 Hymnus
952 1587 1080 1635 enim
1114 1588 1415 1645 homericus,

64 1671 147 1737 qui
183 1671 360 1727 fertur,
393 1670 453 1717 ad
484 1670 802 1738 Mercurium,
828 1688 927 1735 quo
963 1671 1151 1717 nullum
1190 1671 1324 1718 aliud
1355 1672 1415 1718 de

65 1754 157 1802 deo
176 1753 407 1819 insignius
423 1763 573 1801 exstat
592 1753 955 1811 documentum,
969 1753 1099 1801 hunc
1118 1755 1180 1802 ab
1195 1765 1306 1802 ortu
1330 1755 1417 1802 mi-

66 1836 198 1885 rifica
215 1853 420 1902 puerum
439 1835 601 1884 indole
618 1835 847 1902 depingit,
869 1836 1153 1884 astutiarum
1170 1838 1416 1895 artificem,

65 1967 126 2001 ubi
150 1966 300 2014 quintus
317 1966 377 2000 ille
393 1966 563 2008 Hermes,
578 1966 704 2000 Thoth
724 1966 900 2000 secundus
911 1991 922 2009 ,
937 1979 981 2001 ex
1008 1967 1144 2002 sincera
1164 1968 1417 2017 AEgyptiorum

65 2025 230 2061 doctrina
247 2024 463 2067 illustratur,
480 2036 547 2059 nec
559 2036 634 2059 non
652 2033 688 2060 et
702 2034 850 2073 quartus
861 2050 872 2068 ‚
888 2024 950 2073 qui
971 2025 1119 2073 quidem
1135 2026 1263 2062 Thoth
1283 2026 1421 2075 primus

64 2094 137 2128 est,
154 2096 219 2134 seq
235 2085 387 2118 Hermes
403 2084 630 2130 Τρισμέγιστος
651 2083 708 2117 vel
728 2083 850 2117 Εἰκτών
861 2109 871 2125 ,
893 2084 908 2116 ὁ
927 2084 1022 2131 λόγος
1048 2090 1123 2119 κη’
1144 2085 1269 2128 ἐξοχῆϋ.
1286 2087 1420 2122 Neuter

65 2155 152 2177 vero
166 2141 334 2190 primitus
350 2140 397 2177 ad
410 2141 555 2177 Graecos
570 2141 735 2189 pertinet.

114 2208 128 2224 ²
147 2203 198 2243 cf.
215 2201 260 2236 de
275 2201 447 2236 Evandro
464 2211 498 2237 et
514 2201 704 2237 Carmenta
720 2214 803 2237 cum
814 2203 996 2237 Mercurio
1011 2212 1047 2239 et
1058 2203 1155 2237 Maia
1166 2204 1325 2246 collatis,
1339 2217 1418 2251 quae

64 2260 233 2307 praeclare
260 2272 282 2294 a
313 2260 491 2294 Creuzero
520 2271 644 2296 nostro
671 2259 899 2308 disputantur
923 2261 958 2295 in
984 2261 1105 2309 Antiq.
1138 2261 1251 2308 Relig.
1263 2287 1272 2303 ‚
1293 2262 1355 2297 lib.
1373 2264 1422 2304 V,

64 2330 149 2356 sect.
165 2321 221 2360 11,
243 2332 321 2367 cap.
332 2319 407 2361 111,
421 2328 446 2355 t.
460 2320 497 2363 Ι,
513 2332 550 2366 p.
570 2322 660 2364 444,
682 2322 761 2362 445.

114 2377 129 2402 ³
146 2379 296 2412 Hermes
309 2378 414 2412 Maiae
432 2386 484 2412 est
498 2377 613 2420 filins,
633 2378 682 2414 ait
695 2379 906 2413 Eustathius
923 2379 968 2413 ad
986 2378 1115 2425 Odyss.
1128 2379 1231 2424 xlv,
1251 2380 1318 2420 435
1331 2406 1340 2422 ,
1361 2378 1416 2413 διὰ

65 2436 100 2468 τὸ
120 2436 149 2468 ἄν
169 2435 258 2474 ζώοις
276 2435 443 2482 θριπτικόν
455 2461 463 2476 ,
481 2444 517 2470 et
532 2434 589 2469 διὰ
605 2438 641 2470 τὸ
659 2440 715 2470 τοῦ
730 2436 828 2484 λόγου
848 2437 1023 2475 ζητητικόν.
1045 2438 1092 2471 Et
1106 2437 1254 2471 Procius
1272 2438 1307 2471 in
1327 2438 1418 2474 Plat.

65 2492 240 2528 A10ibiad.
269 2494 288 2528 1
318 2495 358 2540 (t.
373 2494 430 2529 111
445 2520 455 2538 ,
470 2507 506 2542 p.
526 2507 570 2540 ²9
589 2508 641 2543 sq.
667 2495 817 2540 Cousin)
828 2521 838 2536 ,
866 2494 952 2531 dum
979 2494 1025 2531 ad
1052 2496 1210 2531 Hermen
1229 2496 1413 2533 scientiam

65 2550 169 2593 hinc,
183 2550 267 2585 inde
287 2551 530 2587 inventionem
546 2552 677 2594 refert,
695 2552 745 2588 ita
759 2551 960 2589 concludit:
978 2554 1013 2587 ἐκ
1033 2552 1069 2586 δὲ
1085 2557 1140 2592 τῆς
1157 2553 1267 2592 Μαΐας
1281 2556 1418 2602 προῖὼν,

9 2652 11 2654 ¹
65 2613 144 2655 παρ’
157 2604 179 2655 ἦ
194 2609 333 2656 κρυφίως
347 2610 368 2647 ἦ
382 2610 510 2650 ζήτησις
524 2611 581 2648 τὴν
601 2611 718 2658 εὕρεσιν
733 2610 886 2658 δωρεῖται
899 2613 962 2650 τοῖς
982 2612 1095 2646 ἑαυτοῦ
1114 2611 1288 2658 τροφίμοις.
