1695 3139
709 199 723 262 <
761 200 819 245 ¹9
848 198 866 261 >

119 289 324 346 guntur,
362 281 546 347 negotia
582 281 998 339 administrantur,
1038 290 1209 330 cuncta
1250 280 1459 345 denique

122 370 351 424 parantur
374 363 553 427 quibus
571 363 666 417 vita
676 365 884 420 humana
908 371 1112 430 augetur
1125 374 1174 412 et
1198 363 1338 428 viget.
1366 363 1461 420 Qui

120 443 318 508 quidem
344 444 471 495 viam
492 455 723 498 monstrat
742 446 990 502 euntibus,
1011 446 1186 494 horum
1204 445 1300 493 dux
1320 453 1369 492 et
1384 460 1464 502 co-
1497 450 1499 453 ’

123 543 223 573 mes
235 533 268 582 ¹,
288 543 473 577 necnon
487 527 646 591 januis
665 528 839 576 aedium
857 528 1042 577 adsistit
1060 538 1235 583 custos,
1250 543 1370 593 quas
1383 536 1467 577 aut

122 606 325 665 claudit,
352 625 405 657 re
428 609 718 673 postulante,
741 616 823 662 a'ut
847 609 1025 675 aperit,
1058 608 1337 667 cardinibus
1355 625 1464 655 ver-

121 689 185 736 sis
208 699 243 736 ².
278 690 410 739 ldem
453 691 559 740 foro
591 702 788 764 praeest,
817 692 866 741 in
895 709 994 760 quo
1030 691 1091 739 de
1126 691 1327 756 negotiis
1358 701 1464 738 tum

125 772 328 835 publicis
370 784 473 820 tum
518 773 713 838 privatis
748 791 865 824 voce
913 773 1231 837 disceptatur,
1274 773 1322 820 in
1363 777 1463 838 quo

122 855 313 903 emendi
332 855 668 921 vendendique
688 856 742 905 fit
756 866 1035 912 mercatura,
1050 866 1098 904 et
1115 855 1187 903 vis
1206 853 1465 919 eloquendi

125 937 283 986 vincit.
304 937 433 997 Quin
459 948 740 986 mercaturae
763 938 1029 988 Mercurius
1043 938 1238 1003 proprie
1258 938 1378 986 deus
1393 943 1466 985 est

126 1020 344 1085 lucrique
358 1021 489 1085 quod
502 1021 613 1069 inde
624 1018 787 1069 redit3.
799 1022 892 1069 Sed
906 1021 1327 1086 et'gymnasioru'm
1344 1021 1465 1078 deus

124 1121 179 1149 ac
199 1103 426 1166 palaestrae
441 1139 452 1160 ‚
478 1103 524 1150 in
552 1121 649 1167 qua
667 1103 884 1168 corporis
906 1107 1191 1152 exercentur
1214 1103 1364 1157 vires,
1402 1103 1468 1155 la-

126 1194 368 1232 certorum
401 1185 676 1249 pedumque
707 1186 893 1236 excellit
915 1186 1097 1251 agilitas
1120 1189 1154 1232 4.
1179 1187 1312 1232 Mens
1338 1184 1469 1231 nimi-

129 1286 235 1315 rum
249 1278 297 1315 et
314 1285 491 1332 corpus
511 1268 558 1315 in
580 1268 803 1316 Mercurii
822 1268 1018 1316 numine
1039 1268 1159 1316 mire
1178 1268 1466 1323 coalescunt,

127 1361 337 1414 quorum
380 1350 633 1415 utriusque
670 1349 890 1397 habilitas
928 1367 984 1397 ex
1021 1366 1079 1397 eo
1107 1350 1298 1414 pendet.
1344 1350 1470 1407 Qua-

131 1442 328 1496 propter
353 1433 559 1480 stadium
598 1433 834 1498 Olympiae
861 1431 1240 1498 ingredientibus
1280 1432 1473 1480 simula-

127 1531 265 1565 crum
287 1515 391 1578 ejus
407 1514 682 1571 videbatur,
697 1514 899 1579 'ipseque
918 1514 1145 1562 ludorum
1163 1514 1229 1561 ibi
1250 1515 1473 1562 commis-

128 1616 292 1646 sorum
325 1598 594 1646 habebatur
634 1615 809 1660 praeses
832 1590 867 1652 ⁵,
899 1597 1193 1645 imo'eorum
1235 1606 1404 1645 auctor
1428 1607 1476 1644 et

128 1684 351 1735 inventor
373 1697 399 1726 a
418 1677 709 1744 quibusdam
724 1678 879 1726 fertur
897 1676 932 1725 6.
952 1677 1101 1742 Cujus
1117 1678 1315 1726 honoris
1330 1678 1477 1743 vulgo

130 1780 242 1817 cum
262 1761 467 1817 Hercule
485 1770 558 1814 est
581 1759 843 1824 particeps:
873 1760 1016 1808 ambo
1040 1759 1169 1811 enim
1195 1759 1478 1824 cognatione

131 1844 290 1909 aliqua
319 1853 367 1891 et
393 1842 644 1908 multiplici
671 1843 900 1890 affinitate
927 1843 1051 1891 inter
1081 1861 1130 1890 se
1152 1843 1477 1900 continentur.

185 2001 192 2020 ¹
223 1994 371 2040 Ϊῖνόδιος,
395 1998 580 2046 ἡγεμόνιος,
598 1997 742 2045 ἀγτὶτωρ.
761 1997 942 2044 Aristoph.
959 1997 1051 2032 Plut.
1076 1998 1185 2038 1160,
1210 1997 1254 2030 ibi
1280 1996 1485 2043 interpret.;

136 2057 289 2092 Pausan.
305 2055 399 2089 VIlI
412 2080 423 2098 ‚
442 2055 501 2091 3ι.

184 2122 199 2138 ²
218 2114 456 2160 Προπύλαιος,
481 2114 667 2159 στροφαὶος,
691 2123 711 2145 a
737 2114 898 2158 στροφεῖς,
930 2112 1082 2158 cardines
1113 2113 1235 2157 (supra
1266 2111 1338 2144 alio
1356 2112 1488 2160 sensu).

138 2172 321 2220 Aristoph.
336 2171 416 2206 ibid.
428 2196 438 2210 .
456 2184 492 2206 v.
516 2184 530 2204 1
542 2170 607 2212 ¹54
622 2183 699 2218 sqq.
712 2196 722 2211 ‚
739 2179 779 2204 ut
794 2178 828 2205 et
843 2169 888 2204 de
904 2169 1135 2217 sequentibus
1156 2168 1334 2218 epithetis.

185 2229 201 2255 ³
221 2224 399 2279 Ᾰγοραῖος,
419 2231 610 2277 ἐμπολαῖος,
626 2227 778 2276 κερδῷος.

188 2290 204 2317 4
221 2284 415 2337 ἐναγώνιος.
435 2291 487 2332 Cs.
508 2289 671 2324 Eustazh.
690 2287 726 2321 in
746 2287 877 2334 Odyss.
893 2288 1007 2326 vm,
1025 2288 1090 2320 266
1104 2312 1112 2327 ‚
1129 2299 1165 2332 p.
1182 2290 1250 2330 309
1266 2285 1371 2322 Basil.

189 2348 203 2372 ⁵
219 2348 370 2383 Pausan.
387 2349 433 2390 V,
458 2347 569 2383 Eliac.
593 2349 610 2382 Ι
625 2374 633 2389 ,
656 2351 709 2389 ιιῑ.
734 2346 901 2395 Myrtilus
914 2371 924 2387 ,
951 2345 1131 2380 OEnomai
1150 2345 1274 2391 auriga
1287 2369 1297 2386 ,
1323 2343 1493 2378 Mercurii

140 2407 233 2441 filius
251 2407 357 2453 vulgo
376 2407 543 2443 habetur.

189 2463 206 2487 ⁶
226 2464 382 2511 Oppian.
402 2465 572 2512 Cyneget.
596 2465 653 2507 11,
676 2476 732 2510 ²7·
752 2465 801 2505 Cf.
822 2463 1017 2511 Spanheim
1034 2472 1069 2498 et
1084 2462 1228 2509 Bergler
1244 2461 1290 2496 ad
1310 2460 1490 2507 Aristoph.

143 2523 233 2558 Plus
256 2525 357 2560 1162.
904 2541 906 2544 ·
