1695 3139
778 247 793 309 <
826 246 888 291 24
922 245 936 307 >

184 343 342 381 autem
361 334 525 379 fictum
547 330 788 394 pictumve
805 326 1099 375 Mercurium
1114 325 1230 374 deos
1247 336 1294 374 et
1311 325 1530 374 homines

185 434 320 464 more
349 431 435 461 suo
460 412 804 466 deducentem,
832 420 914 457 aut
933 409 1182 458 amoribus
1207 425 1376 457 eorum
1399 409 1529 456 festi-

184 517 291 547 vam
311 514 506 561 operam
530 494 879 542 ministrantem
905 492 1141 557 adspicias
1161 493 1191 539 ¹.

250 581 357 639 Quo
377 578 574 643 quidem
594 577 639 624 in
659 578 763 625 loco
783 576 888 625 fieri
903 575 1071 641 nequit
1091 575 1209 641 quin
1225 575 1372 623 menti
1389 575 1529 623 nobis

180 665 483 717 obversetur,
515 677 610 709 non
631 660 776 708 modo
801 659 1023 717 festivus,
1045 658 1129 707 sed
1153 669 1199 706 et
1218 676 1395 723 procax
1411 661 1528 707 Her-

180 764 281 795 mes
302 746 379 793 ille
413 743 544 809 apud
565 745 829 792 Homerum
842 780 855 800 ‚
877 742 1043 790 Martis
1061 752 1107 790 et
1126 742 1325 791 Veneris
1344 743 1528 791 adulte-

181 822 356 878 rio'seu
384 826 628 876 connubio
660 827 822 891 potius
841 826 1110 892 symbolico
1141 843 1351 891 praesens
1367 811 1526 876 &Non

178 925 250 967 est
275 924 434 961 tamen
462 929 552 959 cur
574 910 640 958 ibi
678 921 785 975 post
812 911 1107 959 Creuzerum
1129 927 1405 967 moremur,
1442 911 1525 976 qui
1569 945 1577 955 .

180 995 332 1063 mythi
347 986 474 1044 illius
491 1012 684 1044 sensum
701 994 1018 1052 reconditum,
1032 993 1400 1042 Samothracum
1420 995 1527 1042 reli-

177 1080 398 1145 gionibus
436 1088 629 1126 erutum
645 1114 656 1133 ‚
701 1088 800 1125 tam
838 1076 1043 1125 feliciter
1088 1077 1314 1125 enodavit
1346 1072 1384 1124 3.
1421 1078 1525 1142 lpse

177 1163 375 1209 Hermes
392 1161 487 1209 voti
516 1178 715 1226 compos
737 1160 851 1219 fuit3
870 1160 1014 1224 hujus
1031 1160 1161 1209 enim
1180 1177 1237 1208 ex
1263 1177 1522 1227 congressu

176 1259 288 1288 cum
316 1243 498 1289 Venere
532 1240 738 1306 (Graecis
773 1240 1063 1306 Aphrodite)
1083 1240 1261 1306 duplex
1290 1250 1431 1289 natus
1454 1253 1523 1289 est

176 1324 606 1390 Hermaphrodz'tuS‚
636 1325 684 1371 in
705 1342 803 1389 quo
835 1343 973 1372 sexus
992 1325 1269 1389 utriusque,
1296 1325 1446 1372 virilis
1466 1342 1524 1372 ac

177 1407 451 1463 muliebris,
477 1416 650 1463 notas,
690 1405 969 1473 dignitatem
1001 1417 1049 1455 et
1083 1417 1383 1455 venustatem
1414 1418 1523 1472 apte

175 1491 295 1538 adeo
319 1491 670 1554 copulaverunt
691 1489 896 1537 artifices
922 1490 953 1536 ⁴.
976 1492 1130 1537 Poetae
1150 1508 1318 1537 rursus
1340 1492 1524 1538 Mercu-

176 1570 248 1619 rio
276 1580 325 1618 et
349 1568 545 1619 Veneris
578 1568 676 1618 filio
711 1569 925 1618 fabulam
944 1569 1125 1618 finxere
1145 1569 1258 1618 satis
1283 1571 1493 1634 lepidam
1510 1609 1520 1624 .

175 1643 304 1716 apud
343 1643 573 1700 Ovidium
618 1652 868 1718 legendam
897 1653 938 1709 ⁵,
971 1670 1067 1718 qua
1096 1653 1271 1701 veteris
1305 1653 1519 1721 figmenti

175 1726 381 1784 rationes
402 1747 447 1784 et
472 1723 661 1791 causas,
694 1736 882 1784 dudum
911 1737 1140 1791 exoletas,
1161 1755 1251 1800 pro
1273 1755 1361 1784 suo
1382 1738 1520 1784 libitu

174 1817 525 1884 excogitavere,
561 1836 655 1866 non
688 1818 750 1866 ad
784 1818 1001 1866 Phallum
1036 1820 1336 1869 attendentes
1364 1838 1521 1888 neque

173 1901 231 1949 ad
253 1889 386 1950 sacra
412 1903 668 1969 pelasgica,
692 1904 872 1968 quibus
891 1904 964 1951 hoe
984 1904 1114 1952 haud
1136 1905 1284 1953 dubie
1304 1906 1521 1954 contine-

174 1984 359 2032 bantur.
377 1985 500 2033 Cum
516 1986 755 2034 Mercurio
772 1997 1000 2051 praeterea
1018 1997 1209 2044 coeunt,
1227 1988 1311 2037 sed
1326 1989 1520 2037 diverso

176 2085 373 2130 prorsus
403 2075 554 2122 coitu,
579 2069 624 2114 in
647 2070 886 2116 columnis
917 2071 1009 2117 illis
1039 2071 1287 2136 quadratis
1318 2089 1426 2138 quae
1460 2071 1521 2120 si-

174 2169 377 2216 gnorum
396 2152 561 2201 habuit
579 2153 924 2219 antiquissima,
940 2155 1292 2220 diicomplures
1307 2157 1519 2221 deaeque,

225 2295 232 2310 ¹
254 2289 321 2325 Ex.
337 2301 367 2324 c.
386 2290 458 2325 tab.
478 2290 616 2333 CXVI,
638 2292 725 2338 6793
746 2291 942 2335 CLXX[V‚
955 2295 1043 2337 652,
1060 2302 1149 2336 etc„
1164 2293 1277 2341 ejusd.
1296 2306 1396 2341 oper.

221 2355 233 2371 ²
252 2347 379 2394 Odyss.
401 2350 513 2392 VIII,
535 2353 602 2382 266
621 2362 702 2397 sqq.
1237 2346 1239 2350 X

221 2406 235 2430 3
258 2408 308 2448 Cf.
327 2408 444 2454 Amiq.
468 2408 600 2455 Relig„
632 2409 695 2443 lib.
715 2410 758 2451 V,
775 2419 858 2445 sect.
874 2411 913 2452 Ι,
933 2422 1011 2459 cap.
1037 2412 1095 2454 11,
1116 2420 1142 2447 t.
1167 2412 1225 2453 11,
1250 2424 1287 2459 p.
1316 2423 1384 2457 299
1397 2423 1472 2461 sqq
1487 2419 1523 2446 et

171 2473 196 2499 t.
216 2465 281 2506 IV,
297 2467 347 2512 pl.
366 2466 477 2507 XCV,
493 2466 574 2502 380.

218 2522 233 2550 ⁴
257 2523 340 2558 Ibid.
357 2525 428 2559 tal).
445 2526 545 2567 CVI,
568 2528 655 2570 425,
673 2531 757 2569 426.
775 2540 857 2564 cum
877 2529 1042 2577 explicat.

221 2583 236 2607 ⁵
254 2583 401 2619 Metam.
417 2585 479 2625 lv.
495 2586 560 2620 285
575 2597 654 2634 sqq.
667 2612 675 2627 ,
696 2587 743 2620 ibi
754 2587 888 2633 Gierig.
