1695 3139
757 221 769 283 (
810 220 867 265 16
901 219 914 280 J

166 305 340 352 nebant
362 306 388 351 ¹.
411 306 467 352 Et
488 321 651 369 quum,
675 300 977 349 hortantibus
992 300 1083 347 diis
1100 301 1296 356 caeteris,
1315 300 1373 349 ad
1393 302 1510 348 Hec-

163 387 281 435 toris
302 387 514 435 exstincti
530 386 733 433 cadaver
750 402 803 431 ex
827 383 1020 431 Achillis
1037 383 1350 432 tabernaculo
1377 384 1509 431 furto

166 470 520 535 surripiendum
570 477 823 532 promptus
861 478 982 515 esset
999 504 1009 521 ,
1058 467 1262 515 mittitur
1299 468 1360 515 ab
1391 469 1510 515 Jove

165 555 402 601 Priamum
418 553 474 598 ad
498 551 784 599 Achivorum
808 567 949 598 naves
969 550 1244 598 clanculum
1269 550 1508 599 deductu-

164 655 245 685 rus
267 647 298 682 ².
323 638 441 683 Tum
458 634 658 699 pulchra
685 634 850 681 talaria
878 633 1081 698 pedibus
1109 634 1374 687 subnectit,
1411 651 1509 680 am-

162 719 342 773 brosia,
370 735 534 771 aurea,
558 734 664 782 quae
699 717 854 782 ipsum
877 716 1097 766 ferebant
1128 728 1175 765 et
1207 735 1351 782 supra
1378 735 1509 766 mare

162 815 207 850 et
227 820 374 866 supra
400 802 679 848 immensam
697 812 872 848 terram
888 837 898 856 ,
917 801 1057 848 simul
1080 818 1190 848 cum
1210 800 1377 865 rapido
1396 818 1509 849 ven-

160 896 320 934 torum
342 885 470 933 flatu.
491 886 611 931 Tum
640 883 822 950 virgam
842 884 969 949 capit
990 903 1085 949 qua
1106 885 1321 933 virorum
1343 885 1509 933 oculos

161 968 399 1015 demulcet
419 984 627 1031 quorum
655 967 775 1022 vult,
802 967 919 1014 alios
948 984 1064 1015 vero
1090 984 1260 1015 somno
1286 966 1509 1031 consopi-

159 1061 233 1099 tos
264 1050 433 1099 excitat
472 1046 508 1098 3.
545 1049 717 1115 Sicque
756 1050 1016 1098 instructus
1051 1051 1240 1099 Priamo
1272 1050 1506 1103 occurrit,

157 1135 318 1199 juveni
349 1134 479 1200 regio
499 1134 686 1190 similis,
723 1134 932 1198 primum
962 1133 1268 1198 pubescenti,
1296 1135 1435 1198 cnjus
1459 1134 1505 1180 in

161 1236 244 1266 ore
270 1218 429 1266 sedeat
451 1217 794 1265 venustissimae
806 1218 1025 1282 juventae
1043 1218 1187 1283 lepos.

228 1302 414 1350 Scilicet
433 1302 523 1348 hac
544 1301 700 1365 specie
716 1301 895 1364 prodiit
921 1301 1116 1349 demum
1136 1303 1350 1355 Hermes,
1375 1315 1505 1366 post-

162 1403 307 1451 quam
326 1403 456 1440 eum,
483 1383 649 1449 priscis
668 1383 1013 1450 pelasgicorum
1036 1385 1372 1449 mysteriorum
1400 1403 1506 1433 exu-

160 1481 265 1516 tum
312 1467 569 1514 involucris
585 1504 596 1522 ‚
644 1484 768 1514 novo
813 1477 858 1513 et
904 1467 1054 1514 nitido
1098 1467 1179 1514 illo
1230 1467 1503 1515 fabularum

160 1550 454 1616 poeticarum
492 1559 661 1597 ornatu
704 1549 993 1597 Achivorum
1033 1550 1299 1615 lonumque
1338 1550 1505 1598 indue·

159 1645 271 1681 runt
294 1644 436 1681 vates.
464 1633 533 1680 Fit
555 1643 658 1679 tum
677 1633 892 1688 deorum,
919 1633 1050 1681 Jovis
1076 1633 1329 1698 imprimis,
1351 1633 1504 1681 famu-

159 1718 233 1765 lus
259 1728 400 1783 atque
428 1715 621 1763 numius
642 1715 684 1768 ¹5,
711 1726 758 1764 et
783 1716 932 1781 magis
958 1734 1011 1764 ac
1045 1717 1191 1782 magis
1228 1735 1503 1781 praeconum

207 1844 216 1859 ¹
236 1836 337 1872 Iliad.
351 1838 397 1878 V,
412 1836 491 1872 385.
507 1836 555 1878 Cf.
576 1836 694 1885 Autiq.
708 1838 820 1884 Reltg.
834 1863 843 1880 ‚
860 1837 921 1872 lib.
937 1838 988 1873 VI
1001 1865 1010 1880 ,
1028 1850 1106 1886 cap.
1128 1839 1193 1881 IV,
1208 1848 1231 1875 t.
1247 1840 1302 1881 II,
1323 1852 1356 1887 p.
1374 1841 1456 1882 646.

205 1903 218 1920 ²
240 1895 343 1931 Iliad.
357 1896 493 1938 XXIV,
509 1896 570 1937 23,
587 1895 655 1931 325
672 1909 749 1944 sqq.

204 1955 219 1979 3
241 1958 289 1999 Cs.
307 1955 487 2002 Odyss.V‚
504 1956 546 1996 43
558 1956 804 2003 sqq.;XXIV‚
825 1969 838 1990 1
857 1957 1019 2005 sqq.;X‚
1039 1969 1107 2005 277
1124 1969 1222 2006 sqq„
1240 1967 1329 2000 etc.‚
1342 1970 1408 1993 nec
1420 1970 1506 2000 nou,

155 2025 226 2062 qua
245 2014 472 2071 sequentibus
488 2015 758 2063 praeludendum
779 2026 849 2058 est,
874 2017 1156 2063 pulcherrimam
1172 2017 1317 2064 Virgilii
1335 2018 1506 2053 imitatio-

156 2085 253 2114 nem,
273 2073 410 2108 AEneid.
430 2075 493 2115 lV,
512 2074 579 2108 238
598 2087 677 2122 sqq.
694 2087 701 2108 ε

343 2143 437 2177 Tum
457 2142 593 2190 virgam
609 2143 703 2191 capit
717 2156 724 2177 ε
745 2143 815 2179 hac
831 2143 966 2178 animas
983 2143 1043 2181 ille
1059 2152 1187 2180 evocat
1202 2145 1297 2180 Orco

344 2201 538 2243 Pallente53
556 2202 643 2236 alias
660 2203 727 2237 sub
745 2203 897 2237 Tartara
913 2203 1026 2238 tristia
1041 2204 1170 2245 mittin

344 2259 411 2292 Dat
430 2271 576 2294 somnos
597 2260 812 2307 adimitque,
834 2270 867 2296 et
886 2260 1021 2297 lumina
1038 2272 1154 2298 morte
1170 2264 1337 2310 resignat.

344 2316 411 2350 Illa
432 2317 540 2352 fretus
560 2318 633 2365 agit
648 2328 792 2360 ventos,
811 2329 844 2354 et
861 2320 1003 2355 turbida
1018 2330 1135 2357 tranat

343 2376 472 2410 Nubila
478 2404 707 2412 .......

198 2444 213 2471 ⁴
234 2446 276 2478 In
290 2443 450 2493 Odyssea
464 2446 606 2481 demum
621 2447 686 2482 has
707 2457 825 2495 parte·
839 2449 910 2496 agit
929 2450 1128 2486 Mercurius
1142 2465 1149 2493 ;
1169 2463 1253 2487 nam
1267 2452 1303 2486 in
1328 2451 1442 2487 Iliade
1454 2479 1463 2493 ,
1477 2455 1503 2487 si

152 2503 285 2537 librum
308 2512 503 2538 extremum
533 2507 730 2552 exceperis,
759 2507 998 2549 hiematum,
1026 2509 1177 2543 coelestis
1204 2521 1326 2551 arcus,
1353 2509 1503 2544 deorum

151 2569 205 2596 est
228 2561 365 2596 nuntia.
395 2562 521 2598 Censet
546 2563 690 2610 quidem
720 2566 957 2602 Buttmannus
988 2568 1217 2615 (Lexilog.1,
1249 2582 1284 2616 p.
1312 2581 1380 2613 ²¹7
1410 2571 1504 2618 sqq.)
