1695 3139
734 218 749 280 <
782 216 847 262 22
879 216 894 278 >

147 299 325 364 cogites
352 298 516 350 inl-'ulis
542 296 916 353 circumdatum,
937 313 1148 362 quorum
1169 296 1216 344 in
1232 296 1392 345 locum
1412 314 1490 360 po-

149 394 247 430 stea
267 393 513 431 cesserunt
529 378 707 446 angues
724 380 917 444 implexi
935 379 963 425 ¹.

216 464 431 513 Vidimus
446 464 546 529 jam
577 462 708 528 apud
735 463 1000 512 Homerum
1029 461 1323 515 Mercurium
1350 463 1396 509 in
1413 465 1491 528 ju-

148 564 318 595 venem
357 557 613 603 mutatum,
644 546 855 610 primum
884 546 1227 610 pubescentem
1262 556 1311 594 et
1338 545 1492 594 multo

150 630 297 677 aetatis
332 629 495 695 lepore
530 629 800 678 florentem.
842 629 962 688 Quae
997 629 1197 694 quidem
1237 630 1393 676 forma
1430 629 1491 683 ad
1550 641 1553 643 ·

153 712 376 777 imagines
390 712 523 759 fictas
537 710 746 776 pictasve
767 711 903 760 tarde
922 711 1112 760 nonnisi
1128 721 1388 776 propagata
1405 705 1490 764 est.

152 812 323 858 nempe
350 804 402 842 ut
439 794 656 859 ephebus
689 805 791 842 arte
825 794 989 850 fieret,
1017 794 1188 843 eximia
1221 793 1491 858 pulchritu-

149 876 260 925 dine
286 887 333 926 et
354 877 551 926 viribus>
565 878 715 927 simul
739 878 995 934 excellens,
1024 878 1189 943 quales
1213 895 1240 925 e
1275 878 1492 941 palaestra.

152 960 437 1015 evadebant,
466 961 758 1025 qualemque
789 962 1083 1009 Mercurium
1126 977 1258 1008 nune
1296 976 1492 1029 quoque

150 1060 375 1109 agnoscas
406 1044 658 1109 praesidem
693 1045 1052 1111 gymnasiorum
1087 1039 1381 1099 imberbem,
1409 1061 1495 1096 ore

155 1143 249 1174 non
288 1126 389 1174 sine
420 1138 667 1176 venustate
701 1127 852 1184 virili,
897 1144 1103 1193 corpore
1138 1144 1251 1186 cum
1296 1126 1495 1181 mollitie

152 1208 360 1273 quadam
387 1210 642 1266 lacertoso‚
666 1211 852 1274 capillis
870 1206 1100 1264 brevibus
1120 1219 1167 1257 et
1194 1208 1390 1273 crispis,
1411 1208 1495 1260 ali-

154 1291 348 1355 quando
382 1292 524 1340 etiam
560 1304 722 1358 petaso
755 1293 1080 1349 obumbratis,
1108 1293 1363 1359 chlamyde
1388 1304 1497 1357 post

157 1385 345 1440 tergum
389 1377 565 1439 rejecta
605 1377 680 1423 vel
728 1376 893 1423 festive
945 1376 1073 1422 circa
1112 1377 1344 1422 humeros
1384 1391 1496 1422 con-

158 1456 334 1503 stricta.
361 1457 486 1504 Talis
521 1457 647 1504 inter
671 1466 863 1505 caeteras
892 1467 1113 1522 apparet,
1148 1457 1318 1521 palmae
1349 1455 1498 1519 stipiti

159 1538 337 1593 innixa,
360 1538 570 1586 vietoriae
604 1550 915 1605 argumento,
951 1556 1058 1604 quae
1089 1533 1173 1586 diu
1198 1538 1390 1591 Antinoi
1415 1538 1498 1585 ha-

156 1620 254 1668 bita
284 1633 355 1669 est
390 1622 586 1688 insignis
625 1632 778 1671 statua
811 1622 841 1672 ².
885 1624 1084 1671 Hermes
1118 1635 1279 1671 autem
1319 1622 1500 1688 eloquii

159 1705 380 1770 princeps
395 1742 405 1762 ‚
431 1706 634 1755 oratoris
652 1716 837 1754 tantum
860 1706 1045 1754 actione
1063 1706 1123 1754 ab
1140 1706 1232 1754 hoc
1252 1706 1506 1773 distingui-

158 1800 239 1835 tur
253 1787 295 1847 33
314 1788 517 1837 musices
533 1789 667 1844 deus,
685 1790 977 1838 testudinem
1000 1807 1151 1854 prope
1169 1789 1326 1846 habet,
1353 1807 1501 1855 quani

159 1872 205 1918 in
233 1872 465 1920 citharam
497 1873 746 1921 adornavit
777 1873 964 1938 primus
1000 1876 1036 1919 4.
1066 1857 1123 1921 Ᾱι
1155 1889 1270 1921 vero
1297 1871 1500 1920 deorum

160 1955 379 2002 nuntium
395 1993 406 2009 ‚
434 1966 486 2003 ut
505 1967 674 2020 poetae‚
698 1956 760 2003 ita
777 1955 983 2004 artifices
1003 1941 1293 2003 clarioribus
1313 1953 1504 2002 indiciis

206 2077 216 2095 ⁸
236 2077 312 2119 Ita,
330 2087 409 2124 post
435 2078 666 2126 Boettigerum
686 2079 722 2121 in
741 2079 952 2120 Amalthea,
968 2080 1006 2120 1,
1025 2091 1061 2126 p.
1092 2081 1180 2120 104,
1206 2076 1334 2112 Odofr.
1361 2076 1505 2125 Mulier.

160 2137 205 2170 Et
223 2144 339 2171 tamen
357 2136 428 2178 nil,
446 2145 483 2172 ut
503 2136 661 2180 videtur,
685 2137 723 2172 in
740 2137 937 2185 principio,
958 2137 1004 2171 ab
1023 2136 1124 2183 virga
1149 2136 1233 2180 illa,
1254 2134 1350 2170 unde
1370 2134 1506 2182 χρυσόρ·

161 2196 253 2240 pam:
271 2195 420 2230 Hermes
431 2222 439 2237 ‚
454 2195 604 2231 differre
619 2206 735 2244 potest
750 2196 938 2251 chuceus.
964 2197 1105 2241 Angues
1119 2204 1238 2230 autem
1254 2194 1311 2229 vel
1329 2202 1508 2241 serpentes

162 2252 207 2286 ad
237 2253 456 2287 Chthonium
479 2263 514 2288 et
534 2254 789 2303 Trophonium
808 2255 967 2290 Hermen
981 2252 1195 2302 pertinuisse
1215 2252 1402 2300 primitus,
1425 2252 1508 2287 sans

160 2319 211 2345 est
226 2311 423 2357 probabile.
440 2314 491 2357 cf.
508 2313 629 2349 schol.
645 2313 693 2349 nd
707 2314 890 2361 Aristoph.
910 2314 1005 2349 Nnb.
1027 2314 1110 2352 504.

211 2375 224 2391 ²
243 2370 627 2417 Amiq.Relig.‚1.1v,
641 2373 714 2408 tab.
734 2373 857 2415 CVII,
871 2373 960 2414 ωδ,
978 2371 1060 2406 coll.
1079 2371 1181 2413 CVI,
1201 2373 1281 2415 4¹7·

211 2425 226 2450 ³
241 2427 360 2475 Amiq.
379 2429 510 2476 Reiig.,
527 2439 550 2465 t.
569 2431 635 2473 ιν,
649 2431 723 2467 tab.
746 2431 954 2473 chVffl,
978 2433 1057 2472 ans.

207 2484 223 2512 ⁴
244 2485 326 2521 Ibid.
343 2487 414 2522 tab.
429 2488 508 2525 ead.
524 2516 531 2532 ,
547 2489 629 2524 con,
643 2490 823 2534 vam„
844 2489 928 2531 ²52,
943 2489 968 2531 fi
980 2514 989 2531 ,
1007 2498 1041 2524 et
1055 2485 1231 2535 imprimis
1246 2486 1340 2520 Mus.
1355 2484 1507 2540 Neapol.¹

159 2545 198 2585 1,
219 2545 271 2584 54-
722 2556 724 2560 >
