1695 3139
555 349 559 352 ,
767 300 799 363 <⁴
816 289 878 345 2⁷
913 299 927 361 >

186 395 189 398 ’
223 376 704 434 Ὀυοάεἰὲἱῐῠίηαῐιίε
731 396 905 445 -rerum
945 378 1521 444 scripto‘ribusi-fidesha-

177 456 356 519 benda‚÷
368 462 603 512 'Mercurii
620 454 802 516 'nomen
822 457 944 511 oum
959 471 1011 510 et
1030 461 1173 527 apud
1188 461 1456 510 Germanos
1476 470 1524 508 et

173 543 308 607 apud
333 538 501 594 Gellos
525 544 712 611 insigni-1
732 545 781 592 in
803 545 1156 593 benerei-'uisse
1175 544 1523 593 cred‘ibiie'est.

172 624 230 672 Hi
244 626 442 695 qm'dem
460 614 1062 684 ‚·suctore«.1ulio³›caesare
1080 625 1120 683 f,
1148 629 1202 675 in⁴
1224 645 1284 675 eo
1304 626 1525 675 omnium

173 705 473 756 inventorem
494 707 692 768 artium,
714 708 902 765 viarum
930 718 1075 773 atque
1101 709 1330 756 itinerum
1350 707 1534 755 ducem'

172 790 420 846 colebant,
448 807 659 854 eumque
688 790 750 836 ad
775 781 1013 853 quaestum
1046 790 1260 852 pecuniae
1287 802 1527 838 mercatu-

175 889 351 937 rasque
368 871 546 919 habere
561 870 659 917 vim
677 870 933 917 maximam
951 870 1530 919 arbitrabantur.Germa-

173 971 261 1001 nos
297 962 457 1001 autem
486 952 737 1001 Cornelius
764 953 956 1000 Tacitus
978 963 996 983 2
1019 954 1170 1001 refert
1195 954 1418 1002 humanis
1443 955 1529 1003 ho-

173 1036 275 1085 stiis
300 1036 539 1086 Mercurio
571 1052 660 1085 suo
693 1036 830 1085 litare
861 1037 1186 1093 consuevisse,
1208 1038 1528 1103 quemadmo-

173 1120 292 1167 dum
324 1130 373 1168 et
401 1121 560 1168 Gallos
592 1121 779 1168 Teutati
817 1120 885 1167 illi
909 1131 1215 1184 compertum
1242 1132 1331 1174 est,
1361 1122 1445 1185 qui
1483 1133 1532 1168 et

172 1203 334 1252 Martis
353 1213 402 1251 et
421 1203 664 1259 Herculis,
688 1202 915 1251 Mercurii
939 1202 1083 1251 etiam
1109 1203 1271 1252 locum
1293 1203 1425 1268 apud
1448 1220 1531 1251 eos

171 1286 379 1335 tenebat.
417 1286 611 1334 Scilicet
637 1287 868 1334 Teutaten
889 1286 1102 1333 eundem
1128 1304 1231 1334 esse
1249 1288 1423 1334 volunt
1447 1288 1533 1351 qui

178 1368 349 1417 Theuth
382 1370 458 1417 vel
487 1373 638 1418 Taaut
660 1368 969 1417 Phoenicibus
989 1369 1107 1427 fuit}
1127 1388 1337 1435 eumque
1357 1370 1418 1417 ab
1443 1369 1533 1426 his,

172 1468 261 1499 nec
293 1467 391 1499 non
420 1450 650 1515 Ogmium
679 1449 841 1507 illum,
863 1449 978 1498 belli
1006 1450 1219 1499 simulet
1243 1451 1531 1517 eloquentiae

171 1533 336 1588 deum,
357 1549 384 1579 e
411 1534 550 1595 cujus
572 1549 657 1579 ore
676 1531 961 1578 exeuntibus
987 1532 1092 1577 auri
1119 1533 1383 1595 electrique
1400 1544 1527 1581 cate-

172 1615 244 1661 nis
269 1631 382 1661 vere
407 1613 686 1677 pendebant
720 1612 939 1660 homines
965 1611 1197 1668 devincti,
1235 1613 1284 1660 in
1316 1615 1523 1679 Europae

170 1706 343 1745 nostrae
380 1705 540 1760 partes
587 1694 645 1742 ad
671 1693 983 1742 Occidentem
1014 1703 1265 1759 vergentes
1304 1711 1407 1743 esse
1433 1696 1521 1743 im·

171 1790 416 1845 portatum
445 1775 480 1825 3.
508 1779 604 1826 Nos
628 1794 764 1833 vero,
792 1776 1054 1844 quaestione
1085 1776 1173 1823 hac
1192 1777 1391 1839 paulum
1429 1777 1519 1823 im-

171 1862 344 1928 plicata
379 1877 507 1907 nunc
532 1858 730 1923 quidem
755 1856 954 1913 omissa,
976 1855 1087 1902 satis
1113 1855 1397 1902 habebimus
1430 1855 1513 1903 ite-

172 1964 300 1994 rasse
335 1943 484 1992 verbo
523 1940 655 2007 quod
681 1939 794 1987 alibi
832 1937 1132 1993 monuimus,
1174 1953 1345 2001 nempe
1382 1936 1511 2000 apud

171 2030 301 2095 ipsos
335 2029 571 2076 Romanos
599 2021 790 2072 Herculi
825 2030 871 2069 et
897 2018 1135 2068 Mercurio
1155 2019 1362 2066 multum
1388 2019 1513 2066 inter

173 2130 223 2163 se
233 2124 281 2162 et
299 2129 410 2160 cum
421 2110 582 2163 Marte,
595 2107 686 2155 alio
705 2106 810 2160 deo,
822 2101 1462 2151 necessitudinisinterfuisse
1477 2101 1508 2147 ⁴.

172 2245 208 2270 et
224 2245 366 2275 cursor,
385 2243 458 2266 non
471 2229 578 2264 aliam
595 2239 655 2262 seu
672 2224 825 2260 nominis
840 2235 900 2258 seu
915 2221 1025 2257 officii
1038 2220 1244 2267 multiplicis
1257 2220 1433 2254 rationem
1451 2220 1516 2254 ha·

175 2294 246 2328 bet.
271 2293 322 2335 Cf.
340 2292 503 2336 Lennep.
519 2296 554 2323 et
572 2283 713 2321 Scheid.
727 2282 883 2330 Etymol.
900 2281 985 2327 ling.
1004 2292 1077 2326 gr„
1091 2291 1129 2326 p.
1144 2291 1209 2312 221
1222 2303 1233 2321 ,
1246 2278 1327 2312 coll.
1342 2282 1420 2323 196.

224 2353 230 2371 ¹
251 2352 305 2385 De
322 2349 418 2384 bello
435 2346 575 2383 Gallico
588 2346 642 2380 VI
654 2370 663 2384 .
685 2356 697 2377 1
708 2357 737 2386 7.

224 2419 237 2435 ²
255 2411 309 2444 De
328 2408 458 2443 Morib.
478 2406 688 2442 Germanor.
706 2402 778 2443 IX,
804 2399 886 2435 coll.
911 2399 1047 2432 Lucan.
1066 2394 1227 2431 Pharsal.
1245 2395 1283 2436 1,
1307 2397 1397 2437 4443
1424 2396 1513 2429 Lac-

176 2468 555 2572 ¹³2¹·J;:²A.I÷l:i;ry
573 2521 711 2558 Gallor.
734 2519 887 2559 Hister.⁹
902 2524 927 2550 t.
944 2515 981 2549 ΙΙ
992 2541 1001 2556 ,
1015 2526 1050 2560 p.
1071 2513 1133 2555 783
1150 2511 1322 2546 Michelet
1335 2537 1343 2552 ,
1357 2511 1516 2546 Francia

178 2587 332 2628 Hister„
346 2594 375 2621 t.
388 2585 406 2619 1
417 2610 427 2627 ,
440 2596 475 2631 p.
496 2589 538 2622 ιι
557 2594 613 2629 aq.

225 2647 240 2675 ⁴
260 2646 310 2688 Cf:
333 2643 454 2692 Antiq.
468 2641 581 2688 Relig.
593 2666 602 2684 ‚
615 2639 675 2674 lib.
689 2638 753 2679 lv,
770 2647 846 2682 cap.
861 2630 1065 2678 compiem.‚
1082 2636 1105 2662 t.
1120 2628 1156 2662 ΙΙ
1169 2654 1178 2671 ,
1198 2640 1234 2674 p.
1253 2626 1332 2661 238.
