1695 3139
797 265 810 324 <
847 261 905 306 ¹2
933 259 948 322 >

199 351 295 397 vila
324 348 499 403 omnis,
518 361 618 394 tum
654 354 862 401 naturae,
883 352 987 389 tum
1021 339 1475 396 animantium‚imo
1504 351 1551 388 et

201 434 469 481 animorum
486 427 757 478 exoriatur?
770 425 961 474 Scilicet
975 441 1123 490 quam
1140 442 1252 473 cum
1264 423 1552 488 Proserpina

202 515 343 564 modo
360 512 603 562 Cadmilus
618 508 990 566 Samothracius‚
1008 509 1133 557 hanc
1154 508 1402 575 Cyllenius
1423 507 1552 556 Pha-

202 599 293 645 Ιεε1
317 614 443 644 nunc
463 594 666 653 maxime
692 611 805 642 cum
824 592 1064 658 Penelopa
1087 610 1189 641 rem
1217 592 1352 659 gerit.
1382 592 1548 651 Quum

197 698 309 729 vero
327 678 563 745 Virgilius,
585 678 711 725 libro
727 675 994 743 Georgicon
1008 675 1149 724 tertio
1172 683 1190 707 ²
1205 713 1215 731 ‚
1243 677 1371 723 Pana
1393 691 1549 739 quon-

201 765 310 811 dam
345 763 493 819 canit,
535 762 681 810 deum
731 759 966 817 Arcadiae,
1008 776 1211 807 munere
1253 758 1394 806 niveo
1431 758 1549 805 lanae

198 856 384 910 captam
412 843 637 892 fefellisse
671 844 856 898 lunam,
892 842 939 889 in
978 859 1175 890 nemora
1201 842 1294 889 alta
1326 851 1550 890 vocatam

200 932 389 994 (nempe
423 927 683 976 candidum
720 928 766 974 in
805 927 1005 975 arietem
1036 937 1273 974 mutatum
1311 944 1416 974 eam
1452 925 1552 989 pel-

199 1011 363 1058 lexisse
383 1011 397 1074 )
415 1048 425 1066 ‚
452 1010 646 1076 mythus
674 1021 746 1057 est
780 1010 907 1058 idem
941 1010 1157 1074 planiore
1181 1009 1323 1057 etiam
1343 1019 1390 1056 et
1415 1007 1551 1073 quasi

200 1093 439 1158 pellucida
465 1093 809 1160 significatione
837 1092 869 1140 3.

263 1179 410 1245 lgitur
450 1190 497 1227 et
536 1178 680 1227 rebus
721 1178 864 1244 gestis
894 1188 942 1226 et
984 1178 1153 1225 habitu
1190 1188 1236 1226 et
1274 1178 1550 1225 fabularum

199 1262 502 1318 commentis,
537 1271 776 1327 quatenus
801 1261 904 1310 fieri
933 1272 1115 1326 potest,
1151 1262 1213 1309 ad
1248 1279 1419 1309 verum
1447 1279 1553 1309 sen-

200 1363 307 1392 sum
335 1344 587 1399 revocatis,
621 1344 671 1391 hi
696 1361 862 1391 omnes
893 1345 1195 1392 diversarum
1222 1346 1415 1392 Graeciae
1440 1362 1550 1409 par-

203 1427 323 1473 tium
350 1426 573 1475 Mercurii
605 1427 653 1473 in
691 1444 844 1473 unum
881 1426 1243 1491 quodammodo
1274 1428 1550 1490 conspirare

204 1510 743 1574 videntur-Pelasgorum
753 1510 962 1556 Hermen
977 1508 1051 1556 vel
1067 1508 1352 1567 Cadmilum,
1363 1520 1409 1557 et
1424 1509 1553 1557 hunc

201 1611 311 1641 cum
344 1597 386 1640 T
383 1592 490 1640 hotlz
519 1592 852 1658 AEgyptiorum
883 1592 1222 1641 Phoenicnmve
1243 1592 1324 1641 illo
1353 1594 1552 1642 mirifice

201 1676 545 1723 concinentem.
577 1675 726 1740 Cujus
753 1674 949 1740 quidem
977 1685 1239 1723 concentus
1265 1693 1551 1725 consensus-

202 1777 296 1824 que
315 1769 361 1806 et
380 1770 558 1807 naturae
577 1758 872 1824 cognationis
892 1758 1110 1807 conscios
1125 1759 1272 1807 Fuisse
1290 1759 1552 1808 Pheneatas

200 1842 405 1889 Arcadas
431 1842 478 1889 in
504 1852 671 1906 aperto
695 1852 787 1900 est,
816 1842 998 1907 quippe
1025 1846 1109 1908 qui
1131 1843 1342 1907 patrium
1361 1845 1552 1892 Mercu-

201 1926 322 1973 rium
342 1926 579 1990 (quintum
599 1927 702 1973 vult
723 1926 930 1990 Cicero),
950 1926 1062 1991 Argi
1083 1925 1443 1974 interfectorem
1457 1963 1467 1983 ‚
1486 1928 1551 1975 ob

200 2025 303 2056 eam
336 2025 526 2056 causam
563 2008 611 2056 in
646 2009 908 2075 AEgyptum
936 2008 1211 2074 profugisse
1241 2009 1552 2071 perhiberent

199 2101 343 2155 atque
371 2091 603 2157 AEgyptiis
624 2091 751 2157 leges
772 2099 818 2138 et
842 2090 1023 2139 litteras
1043 2088 1298 2140 tradidisse
1317 2089 1348 2138 ⁴.
1372 2091 1422 2139 ln
1451 2111 1550 2158 quo

248 2205 257 2224 ¹
277 2203 398 2245 Φάλης,
413 2203 508 2239 idem
533 2204 630 2251 quod
649 2203 780 2249 φαλλός.
796 2205 930 2242 Θὺοντες
950 2203 1121 2240 Κυλλήνιοι
1138 2202 1283 2246 Φάλητι,
1304 2202 1455 2239 Lucian.
1470 2205 1553 2240 Jov-

200 2262 385 2309 Tragoed.‚
399 2272 425 2298 t.
437 2264 491 2297 VI
506 2276 560 2310 ,p.
577 2263 643 2309 275
656 2263 753 2310 Bip.‚
767 2263 851 2297 coll.
867 2263 1023 2300 Pausan.
1037 2264 1091 2298 Vl
1102 2289 1112 2307 ,
1128 2264 1184 2306 26,
1199 2275 1219 2297 e
1232 2275 1306 2311 quo
1321 2262 1551 2300 manifestum

201 2321 370 2368 Cyllenen
388 2321 501 2356 Elidis
519 2322 564 2356 ab
577 2321 751 2357 Arcadica
768 2322 915 2370 Cyllene
927 2332 1166 2370 propagatam
1183 2321 1383 2368 iisdemque
1399 2322 1551 2357 obstric-

201 2389 272 2413 tam
293 2380 399 2415 fuisse
415 2380 584 2415 Mercurii
599 2380 843 2427 religionibus.

250 2445 263 2460 ²
283 2438 326 2470 V.
344 2436 408 2481 391
428 2450 481 2484 sq.
495 2463 504 2478 ‚
521 2438 565 2471 ibi
583 2427 699 2486 Heyn.
715 2464 724 2480 ,
740 2447 764 2473 t..
786 2440 803 2472 I
817 2464 825 2479 ‚
839 2452 875 2487 p.
893 2439 973 2474 513.

248 2494 262 2519 ³
280 2494 445 2542 Ejusdem
457 2496 596 2542 generis
612 2497 679 2531 fuit
695 2497 774 2543 ἱερὸς
786 2498 845 2532 ille
860 2500 954 2545 λόγος
970 2498 1014 2532 de
1031 2496 1212 2532 Mercurio
1225 2505 1261 2531 et
1274 2496 1404 2540 ariete,
1421 2497 1456 2532 in
1469 2498 1547 2533 Ma-

198 2553 260 2589 tris
273 2557 385 2598 τελετῇ
403 2553 570 2596 traditus,
585 2567 690 2601 quem
705 2554 816 2589 sciens
835 2557 1088 2591 nacetPausan.
1103 2557 1160 2598 ΙΙ,
1172 2555 1335 2590 Corinth.
1348 2582 1357 2598 ,
1374 2555 1406 2590 3.

245 2614 259 2640 4
281 2612 328 2653 Ls.
348 2612 463 2659 Amiq.
483 2613 596 2660 Relig.
617 2626 752 2648 excurs.
782 2615 816 2648 X
841 2614 886 2649 ad
909 2615 969 2650 lib.
988 2616 1044 2649 111
1059 2642 1068 2657 ‚
1088 2624 1112 2650 t.
1132 2617 1164 2657 Ι,
1186 2628 1219 2662 p.
1237 2615 1305 2648 856
1320 2641 1329 2658 ,
1348 2615 1416 2650 863
1430 2640 1439 2658 ,
1461 2616 1550 2661 865,
