1695 3139
819 236 832 297 <
869 234 926 279 14
956 233 969 294 >

217 322 388 368 callide
408 321 626 368 dolosum
645 354 656 376 ,
681 317 812 363 furto
828 313 1074 361 addictum
1093 350 1102 369 ,
1124 313 1273 361 boum
1300 324 1542 379 raptorem
1558 353 1568 372 ‚

221 403 514 452 somniorum
544 401 743 453 ducem,
776 397 1128 462 speculatorem
1158 408 1471 455 nocturnum,
1494 398 1566 461 ja-

221 503 423 534 nuarum
460 482 737 539 custodem,
765 481 948 546 quique
975 497 1083 529 mox
1114 481 1239 529 inter
1270 480 1387 529 deos
1421 480 1566 528 rebus

221 580 328 633 apte
366 567 507 632 gestis
543 566 834 612 inclarescat.
868 563 992 610 C'um
1023 579 1198 611 aurora
1222 564 1322 628 ipsa
1347 570 1566 613 exortus,
1619 584 1626 591 ·
1655 579 1671 594 ·

222 649 418 697 meridie
430 651 527 713 jam
543 647 736 697 citharae
750 645 956 695 chordas
973 645 1137 712 digitis
1150 646 1451 711 pererrabat,
1465 662 1569 693 ves-

222 751 333 796 pere
353 743 510 779 autem
531 722 768 778 tremendi
800 729 1034 794 Apollinis
1061 729 1211 778 boves
1244 729 1431 777 furatus
1450 729 1566 776 est¹.

221 817 418 864 Furtum
435 814 552 862 illud
572 814 720 863 boum
742 813 973 878 Apollinis
993 813 1232 861 Hesiodus
1253 827 1472 878 quoque,
1492 813 1565 859 vel

224 898 499 963 quicunque
515 907 584 944 est
604 896 861 944 mulierum
877 896 1088 962 Catalogi
1107 896 1282 960 poetici
1302 895 1565 944 Hesiodeus

220 991 397 1035 auctor,
420 980 501 1027 sed
528 998 554 1027 a
580 980 820 1027 Mercurio
836 982 934 1044 jam
959 980 1125 1027 adulto
1145 979 1476 1033 commissum,
1492 994 1566 1025 ce-

223 1063 402 1111 cinerat
439 1063 470 1109 2.
507 1063 566 1111 Ut
607 1074 657 1110 ut
695 1073 765 1111 est
796 1072 983 1118 tamen,
1012 1063 1093 1110 fur
1119 1062 1332 1117 divinus,
1364 1078 1474 1110 reus
1506 1060 1566 1107 ad

222 1148 409 1200 Jovem,
437 1146 650 1211 Apolline
672 1156 942 1204 accusante,
966 1145 1144 1202 factus,
1166 1163 1358 1194 causam
1376 1156 1567 1193 versute

221 1228 340 1277 adeo
365 1228 698 1294 subtiliterque
728 1228 872 1285 dixit,
908 1240 959 1276 ut
984 1247 1010 1276 a
1047 1228 1320 1277 volentibus
1342 1228 1568 1293 utrInque

225 1323 269 1359 ct
287 1312 444 1360 bobus
461 1323 507 1360 et
531 1312 711 1360 cithara
732 1312 855 1361 inter
868 1330 917 1361 se
938 1313 1245 1361 commutatis
1264 1349 1275 1368 ‚
1301 1329 1465 1361 recens
1478 1311 1569 1358 hac

226 1395 421 1459 quidem
446 1413 470 1441 a
497 1395 736 1442 Mercurio
760 1396 967 1450 inventa,
995 1396 1102 1441 finis
1127 1395 1198 1442 liti
1221 1394 1472 1457 impositus
1492 1393 1566 1440 sit.

225 1476 403 1523 Exinde
429 1475 591 1541 igitur,
619 1477 1028 1540 quemadmodum
1060 1477 1229 1541 Apollo
1251 1476 1479 1529 musices,
1505 1476 1568 1523 ita

224 1557 464 1621 pecudum
481 1573 653 1621 praeses
664 1554 945 1615 Mercurius,
964 1558 1024 1606 ab
1038 1575 1096 1607 eo
1115 1558 1313 1623 insuper
1332 1552 1569 1606 felicitatis

222 1650 272 1687 et
290 1638 563 1687 divitiarum
584 1639 767 1705 virgam
797 1640 927 1688 illam
948 1641 1323 1705 pulcherrimam
1340 1679 1350 1697 ‚
1372 1659 1567 1688 auream

223 1723 430 1788 virgam,
451 1721 624 1786 triplici
644 1722 817 1772 fronde
834 1734 881 1771 et
902 1724 1081 1791 magica
1094 1725 1271 1773 virtute
1291 1720 1541 1789 praeditam
1556 1763 1566 1781 ,

220 1804 402 1869 accepit
426 1803 459 1852 3.
491 1804 585 1852 Sed
611 1803 996 1855 vaticinationem
1024 1807 1215 1855 sibimet
1242 1809 1345 1872 ipse
1361 1808 1569 1856 ¹retinuit

219 1889 410 1953 Apollo,
454 1889 694 1937 Mercurio
737 1891 797 1938 ad
837 1893 1008 1941 Parcas
1046 1891 1266 1952 dimisso,
1305 1912 1413 1957 quae
1455 1912 1568 1942 eum

270 2024 280 2040 ¹
298 2018 446 2064 Homer,
459 2019 591 2066 Hymn.
610 2020 647 2054 in
666 2021 837 2061 Mercun,
855 2030 887 2057 v.
908 2024 1037 2067 13·19‚
1049 2032 1083 2058 et
1096 2034 1176 2069 quoe
1189 2022 1455 2077 subsequuntur
1467 2022 1567 2069 inge-

218 2077 416 2112 niosissime
429 2077 594 2113 conficta.
612 2081 664 2122 Cf.
677 2079 886 2126 Apollodor.
900 2081 957 2115 111
967 2106 977 2122 ,
993 2093 1035 2115 ιο
1048 2108 1059 2122 ,
1081 2093 1112 2115 a.

268 2154 280 2169 ²
302 2146 353 2189 Cf.
367 2147 534 2182 Antonin.
551 2147 709 2182 Liberal.
721 2174 730 2191 ,
745 2160 824 2196 cap.
841 2149 984 2192 XXI11;
1003 2147 1113 2184 ovid.
1129 2150 1372 2198 Metamorph.
1388 2151 1445 2193 11,
1460 2152 1543 2185 685.

268 2214 282 2238 3
301 2216 432 2262 Hymn.
452 2216 489 2250 in
507 2217 683 2259 Mei-cur„
703 2231 737 2253 v.
755 2219 825 2263 629
839 2231 918 2267 sqq.
938 2214 1064 2259 baisse<
1083 2217 1143 2256 il'la
1155 2247 1164 2263 ‚
1184 2235 1202 2256 e
1220 2234 1292 2269 qua
1309 2221 1490 2257 Mercurio
1504 2234 1567 2257 co·

218 2285 371 2319 gnomen
388 2274 711 2330 frequentissimum
732 2277 965 2325 χρυὰόῤῥαπις,
986 2288 1021 2314 et
1037 2280 1073 2314 in
1086 2280 1199 2315 Iliade
1216 2290 1251 2315 et
1271 2276 1309 2315 in
1324 2278 1485 2328 Odyssea
1496 2305 1507 2322 ,
1530 2289 1568 2315 ut

219 2330 310 2365 infra
336 2331 488 2377 patebit,
506 2333 702 2380 reperitur,
722 2347 862 2382 semper
875 2348 959 2371 cum
975 2337 1012 2371 vi
1028 2336 1186 2385 quadam
1206 2337 1357 2385 magica.
1384 2332 1474 2381 Quae
1492 2338 1568 2385 qui·

220 2388 300 2423 dem
320 2398 355 2423 et
383 2390 518 2435 virgam
535 2391 655 2427 Circes
671 2392 708 2427 in
734 2395 945 2430 memoriam
971 2407 1136 2439 revocat,
1166 2399 1268 2445 cujus
1289 2398 1568 2440 incantationes,

221 2447 413 2482 auxiliante
442 2450 639 2491 Mercurio,
664 2453 808 2500 Ulysses
835 2453 998 2490 dissolvit
1015 2454 1159 2503 (Odyss.
1180 2457 1234 2499 X,
1260 2468 1323 2502 ²77
1339 2482 1349 2498 ,
1371 2459 1457 2502 293,
1478 2456 1545 2502 3¹9
1561 2484 1569 2499 ‚

222 2505 307 2548 331)
318 2530 327 2545 ,
342 2514 378 2540 et
393 2506 486 2540 hanc
501 2507 649 2542 alteram
670 2522 777 2556 quam
798 2511 834 2545 in
848 2513 972 2547 Veteri
987 2510 1220 2549 Testamento
1241 2515 1360 2548 Aaron
1379 2516 1569 2562 Mosesque

223 2571 348 2606 gerunt
362 2571 398 2596 ut
420 2574 451 2597 ei
470 2564 665 2600 Pharaonis
678 2568 773 2613 Magi
792 2570 925 2613 (Exod.
938 2571 1029 2615 v11,
1049 2585 1087 2617 93
1112 2569 1221 2614 v111,
1240 2573 1363 2616 5;IX‚
1383 2575 1456 2618 23).
