1695 3139
190 359 311 408 curii
343 368 504 407 autem
532 356 785 423 genitrice,
813 355 1105 413 derivatum,
1131 355 1458 414 decumarum,
1479 350 1537 407 -nt

189 442 319 508 apud
348 442 554 497 Graecos,
586 439 814 505 itaapud
855 438 1185 492 incolas‘Lau‘i
1229 439 1538 495 veteremwd

187 544 411 593 agrorum
450 525 633 574 cultum
668 523 1086 588 initiospectasse
1124 525 1537 585 monstrat.⁵Qnae

187 609 382 675 quidem
412 625 487 656 res
517 624 577 656 eo
612 606 929 655 confirmatur
959 597 1095 672 qi'iod
1123 598 1395 657 Tuscorum
1413 609 1536 656 fler-

189 709 287 739 mes
324 695 489 739 Tarms·
509 690 863 755 appellabatur,
874 719 885 725 ι
899 690 1096 738 nomine
1127 681 1350 739 Terim‘no-
1365 699 1536 740 conso-

188 785 327 823 nante
342 812 353 832 ,
373 776 510 839 cujus
545 773 592 821 in
615 774 763 823 tutela
780 773 878 830 dei,
901 773 1048 839 lapidi
1066 774 1142 823 vel
1161 774 1311 839 stipiti
1338 775 1535 829 similis,

187 876 414 925 agrorum
436 859 555 906 fines
568 875 670 906 esse
691 858 926 923 putabant
946 857 977 905 ¹.
1006 858 1056 906 Si
1080 875 1198 907 vero
1223 857 1337 907 hinc
1356 858 1419 908 ad
1437 868 1536 908 ter-

189 942 446 991 minantem
479 942 625 989 deum
654 952 704 989 et
722 941 930 1006 priscam
960 944 1250 991 Hermarum
1272 943 1536 992 attenderis

190 1027 410 1093 figuram,
431 1026 625 1074 indead
649 1026 844 1074 nomina
860 1028 1075 1083 Hermes,
1102 1030 1280 1083 Tur-ms,
1303 1029 1537 1076 Terminus

188 1128 297 1158 cum
331 1110 569 1158 vocabulo
597 1110 699 1165 illo,
739 1110 874 1175 quod
911 1126 1064 1175 graece
1094 1120 1142 1158 et
1176 1116 1281 1175 ἕρμα
1314 1119 1536 1157 sonat-et

188 1193 461 1241 columnam
497 1193 637 1248 dicit,
675 1193 778 1241 fere
811 1193 1170 1251 convenientia,
1202 1193 1296 1242 erit
1321 1210 1435 1241 sane
1458 1192 1538 1241 ali-

189 1276 308 1340 quid
331 1277 465 1340 quod
492 1277 694 1324 mireris.
731 1277 789 1323 Et
820 1277 1001 1324 latinus
1026 1277 1230 1324 fortasse
1260 1272 1510 1324 Mercurius
1526 1312 1537 1332 ‚

190 1359 228 1407 si
251 1359 486 1408 rationem
518 1359 749 1416 nominis,
775 1369 832 1407 ut
861 1359 1156 1425 loquuntur,
1187 1358 1536 1425 generaliorem

189 1443 463 1491 consideres
482 1451 500 1472 ²
530 1461 547 1499 ,·
575 1459 674 1491 non
709 1442 1072 1508 discrepantemv
1097 1441 1297 1490 habebit
1329 1459 1538 1491 sensum.

188 1525 282 1572 Sed
315 1535 363 1572 et
394 1525 718 1589 forsan,·⁷quae
741 1524 999 1572 Mercurio-2
1019 1524 1209 1580 subest,
1246 1524 1381 1572 notio
1396 1524 1508 1588 ipsa
1527 1560 1538 1580 ‚

185 1619 280 1656 tam
304 1607 458 1656 varias
476 1607 527 1655 in
550 1606 975 1672 partesdistracta,
998 1607 1083 1654 has
1105 1618 1153 1655 et
1172 1622 1340 1656 rerum
1366 1617 1415 1655 et
1436 1620 1539 1655 ver-

184 1693 361 1740 borum
382 1690 718 1740 consonantias
737 1690 902 1739 effecit
922 1686 957 1736 3.

233 1850 240 1866 ¹
262 1841 413 1887 Dionys.
428 1841 547 1875 Halic.
566 1840 690 1888 Antiq.
704 1842 810 1875 Rom.
826 1841 884 1882 11,
901 1852 934 1885 9.
950 1841 999 1884 Cfi
1012 1841 1133 1888 Antiq.
1151 1839 1261 1888 Relig.
1276 1867 1285 1882 ,
1302 1851 1327 1877 t.
1343 1842 1398 1883 11,
1421 1854 1459 1888 p.
1470 1842 1539 1883 486

183 1909 216 1935 et
235 1899 316 1944 495.

225 1978 241 1995 ²
258 1969 450 2012 Radicem,
463 1982 543 2017 quae
561 1968 710 2011 dicitur,
727 1968 1079 2016 indo-germanicam
1097 1968 1231 2003 'mrtem
1242 1994 1253 2011 ,
1270 1969 1368 2003 unde
1382 1970 1480 2002 Mar-k
1491 1956 1540 2002 li-

179 2040 268 2070 mes,
282 2027 383 2071 finis,
400 2035 436 2063 et
459 2027 631 2075 gallicum
646 2039 814 2076 mat-quer.
834 2029 887 2072 Cf.
903 2028 1023 2072 Baur,
1035 2027 1199 2075 Symbol.
1214 2036 1249 2063 et
1260 2027 1420 2075 Mythol.
1434 2028 1493 2070 11,
1508 2042 1539 2067 π.

179 2101 215 2136 p.
244 2100 258 2123 1
268 2089 324 2128 46.

225 2157 241 2182 ³
274 2160 405 2190 Hermae
433 2168 586 2198 nomen,
606 2145 698 2192 sicut
726 2156 843 2204 ipsam
871 2155 972 2191 illam
1001 2155 1061 2191 dei
1089 2156 1276 2191 notionem
1288 2182 1297 2198 ,
1326 2155 1374 2191 ad
1404 2168 1540 2191 sermo-

179 2229 260 2252 nem
281 2229 342 2251 seu
359 2216 511 2251 verbum
527 2215 820 2252 commodissime
841 2215 1092 2258 retulerimus,
1108 2214 1211 2263 quod
1230 2214 1376 2263 quidem
1388 2240 1399 2258 ,
1427 2224 1468 2250 ut
1482 2228 1540 2250 su-

174 2289 238 2324 pra
267 2276 448 2320 diximus,
464 2284 622 2311 mentem
642 2285 844 2324 cunctaque
859 2288 942 2310 cum
957 2288 997 2311 ea
1018 2276 1242 2317 manifestat,
1256 2275 1428 2324 quodque
1441 2302 1453 2318 ,
1466 2276 1542 2310 vim

176 2335 297 2370 culum
319 2345 443 2369 rerum
472 2333 636 2369 omnium
653 2342 691 2370 et
712 2333 816 2381 quasi
841 2333 1023 2376 medium,
1039 2332 1220 2382 quidquid
1241 2342 1304 2368 aut
1325 2332 1462 2368 indicat
1479 2342 1541 2367 aut

175 2393 380 2441 distinguit,
396 2393 586 2440 conjungit
603 2392 824 2440 sejungitve,
842 2392 1076 2440 continetque
1094 2401 1130 2428 et
1141 2392 1319 2434 sustinet,
1333 2402 1540 2438 usquequa-

177 2466 247 2500 que
271 2452 441 2487 declarat.
460 2453 541 2496 Qua
557 2460 708 2500 propter
719 2451 765 2486 ab
786 2451 846 2499 ἔρω
857 2477 866 2493 ,
884 2451 957 2499 εἴρω
969 2477 980 2494 ,
993 2450 1091 2487 unde
1108 2445 1217 2499 Ἑρμῆς
1227 2475 1238 2492 ,
1259 2450 1364 2499 ἕρμα,
1380 2458 1420 2487 ut
1432 2462 1539 2488 auro

177 2525 297 2556 sermo,
319 2511 570 2547 deducendum
590 2511 744 2547 videtur.
764 2512 866 2546 Patet
882 2511 977 2546 enim
991 2512 1159 2547 notiones
1177 2511 1370 2552 sermonis,
1384 2511 1519 2547 vinculi
1531 2538 1541 2555 ‚

177 2570 299 2606 limitis
324 2579 388 2606 aut
409 2569 554 2606 termini
582 2569 702 2615 (simul
722 2578 757 2604 et
784 2568 913 2604 indicis
935 2578 970 2605 et
987 2569 1215 2615 columinis),
1248 2569 1437 2605 vocabulis
1454 2569 1541 2617 ipsis

182 2628 277 2664 velut
296 2629 332 2664 in
352 2640 462 2664 unum
486 2627 696 2662 coalescere.
718 2629 903 2662 Mercurius
921 2640 1028 2670 vero,
1043 2627 1150 2663 index
1166 2628 1300 2676 qnippe
1313 2637 1347 2663 et
1363 2637 1540 2665 mercator
